2802 4810
419 343 553 393 Vll!

280 581 286 588 ,
423 516 698 588 eximia.
716 519 760 558 ‘⁶
889 515 1064 584 Sunt
1119 525 1481 608 praeterea
1542 516 1620 586 in
1688 501 1856 588 eod.=
1904 515 2071 584 cod.
2140 518 2477 585 nonnulla
2542 541 2583 585 a

421 615 624 685 docta
647 633 861 682 manu
892 613 1276 700 emendata,
1321 614 1408 681 ad
1440 615 1695 686 Herod.
1731 616 1843 700 VI,
1881 615 2035 680 136.
2066 615 2236 702 VIII,
2274 613 2389 684 65.
2410 639 2589 706 quae

422 713 701 781 Canteri
751 733 904 782 esse
952 711 1050 778 ait
1099 713 1454 801 Wyttenb.
1504 713 1579 778 in
1628 712 1973 802 excerptis
1990 761 2011 798 ,
2075 734 2117 778 a
2166 734 2307 802 quo
2358 726 2591 783 autem

425 810 564 879 sint
627 810 941 900 profecta
1004 811 1274 878 nescire
1331 831 1407 878 se
1460 810 1827 900 profitetur
1895 809 2317 878 Abreschius
2377 813 2457 878 V.
2504 815 2591 880 R.

427 932 496 998 p.
551 907 711 975 205.
779 907 1272 976 Valckenarius
1322 909 1403 975 in
1462 929 1587 976 suo
1640 907 2021 997 exemplari
2068 907 2273 974 Jebb.
2344 931 2591 976 unam-

427 1025 771 1097 quamque
835 1027 1079 1074 vocem
1097 1055 1117 1092 ,
1201 1027 1377 1097 quae
1427 1005 1504 1071 in
1552 1003 1718 1072 Cod.
1771 1004 2039 1074 scholio
2101 1004 2591 1092 illustraretur,

423 1103 608 1178 linea
659 1104 874 1170 rubra
925 1103 1257 1170 subducta
1305 1101 1701 1192 insignivit3
1760 1102 1945 1168 unde
1994 1101 2251 1168 factum
2302 1114 2445 1190 est,
2510 1117 2593 1174 ut

425 1198 683 1289 passim
755 1199 827 1265 in
897 1201 1028 1268 hac
1096 1199 1525 1269 scholiorum
1588 1198 1889 1268 editione
1949 1199 2187 1288 legas:
2256 1201 2591 1272 Valcken.

429 1297 682 1364 sublin.
1896 1307 1907 1316 '
2160 1295 2169 1302 ’

419 1404 438 1422 ·
619 1392 722 1464 D.
779 1389 1451 1488 Wyttenbachius,
1498 1415 1588 1463 ex
1640 1393 1791 1462 eod.
1840 1393 2006 1462 Cod.
2026 1443 2047 1480 ,
2098 1415 2187 1462 ex
2236 1417 2374 1486 quo
2425 1419 2595 1466 non·

431 1491 620 1560 nulla
669 1513 825 1558 cum
891 1491 1048 1580 ipso
1107 1514 1150 1558 a
1193 1490 1653 1560 Valckenario
1722 1481 2226 1560 communicata
2287 1495 2593 1583 publica·

429 1599 624 1659 verat
669 1591 756 1658 ad
802 1591 970 1656 Plat.
1019 1577 1104 1656 He
1137 1587 1204 1655 S.
1238 1589 1322 1656 N.
1357 1590 1437 1655 V.
1469 1612 1539 1678 p.
1575 1591 1619 1656 3
1638 1639 1659 1676 ‚
1710 1592 2189 1678 apographum
2235 1591 2369 1658 sibi
2408 1615 2593 1662 com-

431 1686 737 1774 paravit,
813 1686 1001 1777 quod
1062 1685 1411 1754 Crcuzero
1430 1736 1450 1773 ,
1526 1707 1687 1755 cum
1740 1709 1880 1753 una
1948 1697 2179 1757 essent
2244 1691 2593 1780 perbreve

429 1783 763 1874 temporis
815 1783 1143 1872 spatium,
1218 1784 1733 1873 excerpendum
1794 1784 2172 1871 concessit,
2258 1789 2441 1856 unde
2505 1789 2596 1856 ad

429 1902 558 1974 nos
609 1893 932 1986 excerpta
975 1871 1342 1949 Leidensia
1386 1881 1876 1972 pervenerunt.
1986 1883 2153 1971 Ipse,
2190 1894 2419 1952 autem
2471 1885 2597 1954 Vir

429 1975 672 2048 doctus
719 1985 907 2047 hunc
957 1977 1411 2068 scriptorum,
1469 1978 1590 2070 qui
1638 1980 1713 2046 in
1762 1979 1869 2048 his
1923 1979 2204 2062 scholiis
2236 1983 2428 2052 Leid.
2453 1985 2594 2052 lau·

430 2073 680 2144 dantur
697 2093 740 2164 ,·
769 2075 1068 2147 confecit
1115 2077 1542 2166 catalogum:

430 2246 859 2338 Aeschines
909 2244 1385 2336 philosophus,
1572 2241 2015 2340 Dionysius
2066 2248 2330 2339 perieg.

429 2343 858 2417 Aeschines
905 2345 1167 2429 rhetor,
1573 2339 2017 2439 Dionysius
2068 2347 2396 2436 musicus,

427 2441 895 2538 Aeschylus,
1570 2438 2013 2534 Dionysius
2060 2444 2407 2516 Halicarn.

427 2536 781 2628 Alcman,
1572 2532 1656 2607 E
1699 2536 1961 2625 horus,

428 2638 988 2732 Anaxagoras,
1571 2560 2106 2799 {peigrammd

429 2734 899 2818 Androtion,
1650 2726 1921 2823 upolis,

425 2827 886 2916 Antiochus,
1572 2824 2009 2920 Euripides,

425 2922 937 3019 Aphthonius,
1570 2922 2038 3016 Herodotus,

426 3020 838 3109 Aristides,
1570 3018 1979 3111 Hesiodus,

425 3118 1018 3211 Aristophanes,
1211 3178 1218 3191 .
1570 3121 1976 3213 Historici,

423 3215 914 3309 Aristoteles,
1566 3216 1957 3295 Homerus
2006 3224 2279 3311 (multis
2323 3229 2531 3320 locis)

422 3318 840 3401 Arrianus,
1572 3314 2041 3411 Hyperides,

425 3412 930 3499 Athanasius,
975 3484 989 3495 ,
1574 3410 1996 3504 Isocrates,

421 3507 974 3609 Bacchy-ledes,
1570 3512 2009 3613 Longinus,

427 3606 767 3700 Charax,
1331 3638 1336 3653 ·
1568 3610 1889 3709 Lysias,

427 3702 804 3799 Comicus,
1567 3709 1847 3800 Meles,

427 3800 814 3892 Cratinus,
907 3864 918 3873 ,
1569 3807 2015 3885 Menander
2064 3815 2393 3901 comicus,

421 3899 946 3992 Demophilus,
1566 3902 2011 3983 Menander
2055 3914 2319 3999 rhetor,

351 4050 368 4069 ,
423 3994 989 4071 Demosthenes
1031 4000 1491 4103 (saepissime)
1568 4004 2151 4101 Onomacritus,
2258 4084 2263 4091 .

425 4089 898 4185 Dinarchus,
1148 4190 1157 4197 ἡ
1568 4102 1919 4181 oracula
1958 4112 2247 4201 (plura),
