2802 4810
1978 322 2113 382 513

91 1068 258 1169 Sero
299 1098 405 1181 qui
450 1097 852 1173 advenissent,
898 1098 1150 1162 Plautus
1191 1098 1256 1160 in
1282 1096 1645 1163 Trinummo
1685 1096 1972 1175 aedilium
2016 1100 2113 1160 ai·-

89 1178 300 1244 hin-atu
343 1183 663 1265 vapulasse
691 1184 808 1247 ait.
896 1183 1074 1276 Quae
1116 1200 1255 1242 cum
1301 1182 1368 1242 in
1401 1204 1517 1266 me,
1538 1182 1990 1267 quodammodo
2018 1202 2116 1243 ca-

91 1262 227 1325 dere
265 1264 609 1342 videantur,
652 1265 898 1344 diutius,
944 1286 1124 1365 quam
1164 1285 1282 1347 par
1321 1278 1486 1343 erat,
1540 1266 1697 1329 hanc
1738 1264 2117 1327 scholiorum

91 1346 146 1408 in
181 1346 512 1409 Aristidem
554 1347 887 1413 editionem
929 1351 1273 1411 litterarum
1303 1347 1585 1411 studiosis
1615 1348 1959 1420 debentem,
2002 1344 2117 1409 uti·-

91 1450 196 1510 que
234 1430 383 1491 mihi
417 1450 636 1497 caussa
672 1432 794 1495 erit
832 1430 1198 1495 meditanda.
1301 1430 1725 1495 confidentius
1770 1444 1973 1493 autem
2015 1450 2117 1492 me

94 1514 138 1572 si
173 1514 290 1576 hoc
327 1514 639 1578 facturum
686 1514 999 1598 praedico,
1041 1512 1174 1575 noli
1214 1512 1278 1574 in
1319 1517 1539 1577 malam
1560 1527 1799 1597 partem
1827 1512 2113 1595 accipias,

93 1598 187 1659 sed
248 1619 443 1679 aequo
501 1596 844 1681 paullisper
909 1598 1178 1683 ausculta
1247 1598 1474 1660 animo.
1614 1596 1869 1658 Parisiis
1924 1600 2111 1669 enim,

95 1702 252 1765 quam
293 1681 357 1740 in
401 1680 623 1743 urbem
665 1681 912 1744 codices
955 1678 1271 1754 Aristidis,
1335 1700 1491 1763 quos
1531 1678 1621 1744 ibi
1660 1680 1962 1742 tredecim
2004 1702 2117 1741 nu-

96 1782 251 1824 mero
274 1774 336 1824 et
377 1784 490 1824 eos
532 1763 1082 1859 praestantissimos
1119 1764 1421 1827 asservari
1462 1756 1763 1837 sciebam,
1798 1780 2117 1825 excussum

95 1846 393 1929 profectus
433 1860 582 1909 saus
619 1847 948 1931 benignam
991 1846 1069 1913 ad
1109 1846 1487 1911 emendanda
1534 1844 1870 1909 doctissimi
1910 1844 2117 1928 sophi·

95 1942 206 1991 stae
239 1930 469 2026 scripta
512 1930 752 2013 copiam
797 1928 887 1991 ibi
930 1944 992 1992 et
1025 1928 1234 1994 inveni
1277 1944 1340 1993 et
1361 1952 1568 1993 meum
1610 1928 1675 1991 in
1698 1950 1878 1991 usum
1897 1972 1913 2003 ,
1954 1928 2121 2011 quod

95 2014 270 2093 potui,
313 2012 618 2091 converti,
663 2034 740 2075 ex
770 2034 842 2075 ea
870 2011 1060 2111 igitur
1099 2012 1256 2075 urbe
1295 2013 1360 2076 in
1403 2014 1667 2097 patriam
1703 2012 1898 2073 redux
1927 2012 2123 2072 factus

95 2094 234 2155 nihil
273 2094 440 2157 aliud
479 2096 602 2170 nisi
636 2097 715 2158 de
751 2118 1032 2171 nomme,
1101 2096 1268 2180 quod
1307 2096 1587 2179 pluribus
1627 2108 1769 2157 ante
1811 2092 2123 2167 mensibus

99 2180 171 2238 H.
194 2182 262 2241 L.
285 2180 687 2240 Broennerus
719 2180 875 2241 meis
916 2178 1126 2243 verbis
1150 2178 1437 2257 dedisset,
1483 2177 1783 2242 solvendo
1824 2174 2115 2259 cogitavi.

101 2262 330 2323 Certum
370 2260 564 2359 igitur
603 2260 756 2321 illud
798 2276 964 2335 erat,
1024 2259 1260 2323 scholia
1299 2260 1367 2323 in
1409 2261 1605 2324 Codd.
1647 2260 1908 2333 Parias,
1965 2278 2119 2343 quos

98 2342 352 2426 inspexi,
398 2356 649 2405 inventa
691 2342 785 2405 his
827 2356 1137 2418 attexere,
1197 2362 1356 2426 quae
1396 2344 1521 2426 jam
1562 2345 1673 2407 sub
1713 2342 1899 2426 prelo
1943 2344 2123 2402 erant

101 2445 468 2512 quorumque
511 2427 636 2507 jam
663 2427 754 2488 sad
797 2445 898 2488 me
943 2429 1127 2491 missa
1169 2441 1346 2489 erant
1370 2425 1726 2512 specimina.
1811 2425 1975 2486 Huic
2015 2444 2121 2485 ne-

99 2509 256 2590 gotio
295 2511 419 2573 rite
467 2510 857 2592 exsequendo
899 2529 1039 2572 cum
1080 2523 1144 2572 et
1184 2509 1423 2573 animus
1456 2533 1491 2572 a
1520 2509 1686 2572 curis
1717 2525 1937 2573 vacuus
1970 2528 2007 2568 o
2052 2527 2123 2568 us

99 2603 246 2654 esset
283 2604 346 2652 et
388 2591 502 2655 otii
526 2591 830 2665 nonnihil,
871 2605 1156 2656 neutrum
1187 2591 1338 2654 mihi
1371 2592 1627 2678 obtigit:
1673 2591 1900 2654 etenim
1938 2591 2019 2650 do
2048 2610 2123 2650 or

100 2674 283 2735 amissi
319 2677 532 2758 patris,
577 2695 757 2760 quem
799 2697 1026 2738 summa
1065 2678 1295 2760 pietate
1323 2677 1553 2738 cultum
1598 2694 1635 2736 e
1657 2671 1863 2734 medio
1904 2671 2120 2734 deces-

97 2755 233 2819 sisse
269 2757 602 2822 adveniens
644 2758 889 2820 demum
929 2761 1214 2844 cognovi,
1257 2777 1509 2832 munus,
1552 2772 1619 2820 ut
1644 2769 1893 2818 nostrae
1924 2755 2123 2818 eccle-

99 2838 210 2902 siae
251 2862 284 2902 a
323 2842 518 2904 sacris
562 2861 790 2913 essem,
835 2840 1038 2904 media
1075 2843 1213 2904 fere
1253 2841 1372 2904 hac
1408 2855 1641 2905 aestate
1676 2838 1826 2900 mihi
1869 2839 2123 2921 imposi-

103 2935 251 3000 tum,
318 2923 788 3005 occupationes,
861 2911 1121 3008 quarum
1176 2927 1374 2987 moles
1425 2928 1525 2988 r'ne
1581 2925 1833 2986 absente
1873 2921 2125 2984 adaucta

103 3007 367 3069 redeunti
400 3009 660 3068 multum
698 3008 934 3089 negotii
963 3009 1421 3084 minitabantur,
1462 3007 1664 3070 omnia
1692 3005 1847 3068 haec
1875 3003 2125 3086 inquam

102 3086 529 3170 impedimento
580 3091 860 3164 fuerunt,
933 3092 1083 3176 quin
1134 3103 1198 3152 et
1247 3093 1382 3173 ipse
1436 3089 1789 3154 valetudine
1840 3085 2127 3150 nonnihil

103 3171 344 3235 affectus
383 3173 586 3236 minus
627 3193 932 3256 propere,
992 3195 1174 3256 quam
1209 3173 1469 3250 vellem,
1526 3172 1837 3270 promisso
1876 3187 2123 3266 possem

106 3265 267 3315 stare.
354 3256 564 3318 Habes
603 3276 802 3332 nunc,
845 3258 1149 3322 benevole
1189 3258 1413 3335 lector,
1458 3254 1682 3342 qulbus
1722 3276 1823 3318 me
1862 3254 1976 3316 nbi
2016 3273 2123 3314 ex-

105 3351 352 3399 cusatum
393 3340 587 3416 volui,
632 3342 877 3422 quando
923 3342 986 3400 in
1033 3361 1132 3402 me
1172 3341 1374 3402 solum
1419 3359 1605 3402 omne
1638 3358 1851 3401 morae
1890 3337 2127 3398 crimen

105 3430 188 3478 est
227 3419 735 3484 transferendum.

251 3527 346 3586 Ex
388 3527 628 3588 duobus
679 3541 906 3590 tantum
947 3525 1142 3589 Codd.
1184 3527 1512 3604 Parisinis,
1586 3529 1694 3609 qui
1732 3523 2129 3585 nominantur

109 3607 156 3665 A
197 3605 352 3684 (Nro
398 3611 590 3690 2948)
633 3625 696 3672 et
733 3615 789 3673 B
833 3611 1094 3693 (2949),
1159 3611 1400 3672 scholia
1435 3610 1512 3674 ad
1553 3609 1807 3672 Panath.
1854 3604 2125 3677 exhibui,

109 3689 358 3772 itemque
398 3695 682 3755 nonnihil
725 3715 799 3754 ex
841 3693 992 3755 Cod.
1030 3699 1091 3757 D
1136 3693 1381 3775 (2952).
1465 3697 1538 3754 In
1580 3712 1705 3775 quo
1748 3710 1888 3752 cum
1927 3687 2128 3750 statim

107 3769 374 3836 vidissem
429 3779 576 3841 novi
627 3778 763 3839 fere
815 3775 970 3837 nihil
1014 3775 1269 3850 afferri,
1338 3796 1457 3837 nec
1508 3774 1700 3858 magis
1760 3774 1826 3836 in
1878 3769 2125 3844 ceteriS‚

111 3875 247 3999 θεῖς
280 3858 476 4004 εέᾶὴ,
517 3860 890 4004 οὲἐέἫδ
917 3879 1055 4003 '¹2¹3
1096 3879 1328 4004 ‘’33¹3ss
1367 3857 1929 4004 1223‘2222213532.
1993 3853 2129 3999 ¹35:

117 4021 332 4106 reliqua
358 3962 671 4088 {iezi-enti
711 3964 1092 4107 Ἶῗξεεοιξξρεῗ
1111 4041 1308 4087 autem
1324 3963 1427 4085 Pex
1460 3990 1613 4088 coil.
1646 4027 1719 4086 A.
1764 4023 1951 4104 primi
1992 4019 2129 4081 folii

116 4109 398 4188 margines
434 4110 510 4172 ad
551 4129 737 4172 unum
782 4129 1023 4178 omnes,
1069 4122 1137 4170 ut
1181 4109 1316 4186 tibi,
1360 4109 1529 4188 quod
1568 4106 1937 4170 clarissimus
1962 4107 2124 4166 Dan.

117 4186 594 4264 wyttenbachius
620 4193 696 4254 de
741 4193 874 4274 ipso
899 4191 1272 4253 scholiorum
1311 4205 1585 4270 auctore,
1624 4189 1713 4250 uti
1747 4187 2129 4274 leguntur-in
