2802 4810
2224 339 2359 392 xm
2426 402 2436 413 ,

189 513 448 582 Valck.
477 513 565 581 ad
593 513 844 584 Herod.
876 514 1056 601 VIII,
1105 526 1170 592 4.
1205 525 1274 582 et
1303 513 1368 580 5.
1465 514 1651 582 Haec
1678 535 1851 604 ergo
1895 516 2129 584 omnia
2160 535 2363 584 exan-

189 611 440 678 tlanda
473 611 776 698 fuerunt,
817 612 1220 703 priusquam
1238 611 1503 680 fructus
1536 610 1785 702 aliquis
1814 636 1903 682 ex
1934 636 2091 681 meo
2118 613 2365 682 labore

189 709 597 777 redundare
625 719 884 798 posset.
981 709 1307 800 Neglexit
1329 720 1400 778 et
1428 709 1601 778 illud
1625 710 1914 780 Jehbius
1930 760 1951 799 ,
1998 722 2075 778 ut
2111 711 2364 803 indica·

191 817 340 892 ret,
389 827 532 896 quo
563 830 652 874 ex
681 807 968 894 Codice,
1021 829 1194 898 quos
1244 806 1485 875 habuit
1522 807 1849 896 egregios
1868 859 1888 895 ,
1940 809 2363 898 exceipserit

191 903 489 970 scholia.
527 943 538 958 ·
602 905 748 972 Hos
797 916 1025 974 autem
1073 907 1148 972 in
1201 907 1533 994 Catalogo
1550 956 1573 991 ,
1631 905 1915 976 Aristidi
1956 905 2362 996 praemisse,

193 1010 524 1068 recenset
569 1001 861 1070 Codices
909 999 1254 1092 (memoro
1289 1023 1474 1070 nunc
1524 1004 1863 1093 temporis
1909 1025 2029 1076 eos
2076 1015 2364 1086 tantum,

193 1120 384 1187 quos
429 1099 690 1167 scholia
740 1100 1108 1190 complecti
1153 1101 1495 1194 testatur).

403 1197 557 1265 Bar.
621 1199 674 1264 1.
735 1235 834 1250 -
896 1197 1224 1266 Continet
1295 1199 1557 1267 scholia
1622 1199 1697 1266 in
1756 1198 1979 1266 libros
2044 1199 2217 1269 duos
2280 1199 2365 1268 de

197 1293 593 1380 rhetorica,
661 1294 735 1363 in
777 1287 958 1364 *oi-at.
1001 1317 1140 1390 ⁸pro
1191 1299 1569 1392 Quatuorv.
1589 1345 1611 1383 ,
1687 1307 1756 1364 et
1802 1295 1876 1362 in
1924 1317 2365 1366 communem

195 1390 644 1480 apologiam,
703 1392 780 1460 in
827 1393 1254 1462 Platonicam
1303 1393 1581 1479 tertiam
1630 1395 1717 1462 ad
1766 1393 2191 1484 Capitonem.

395 1489 552 1556 Bar.
589 1511 652 1582 7.
704 1488 1032 1558 Continet
1071 1489 1261 1560 varia
1295 1491 1571 1579 Sopatri
1600 1492 2049 1582 Apameensis
2099 1490 2175 1558 in
2223 1491 2366 1559 Ari-

201 1585 410 1653 stidis
471 1587 824 1656 orationes
883 1590 1390 1678 prolegomena
1454 1601 1525 1658 et
1586 1589 1937 1659 orationes
1984 1589 2205 1656 XXVI
2270 1627 2362 1642 --

201 1705 368 1750 cum
415 1685 694 1754 scholiis
742 1687 998 1754 veteris
1051 1688 1407 1774 cujusdam
1437 1687 1767 1758 mutilatis
1829 1687 1902 1754 in
1953 1697 2129 1756 orat.
2162 1687 2367 1756 Pana·

201 1783 432 1868 then„
511 1781 802 1852 fortasse
851 1785 1158 1873 Sopatri,
1237 1783 1382 1872 ejus
1455 1787 1714 1854 etenim
1777 1806 2038 1852 nomen
2098 1785 2209 1852 his
2260 1786 2369 1852 ad-

199 1878 542 1966 scriptum
593 1879 862 1950 invenis
911 1881 984 1946 in
1031 1905 1190 1972 pag.
1219 1883 1679 1971 praecedenti.
1778 1881 2053 1950 Scholia
2094 1893 2257 1950 sunt
2278 1885 2369 1950 al-

203 1986 358 2043 tera
406 1989 687 2046 exarata
733 2001 944 2046 manu
959 2029 979 2065 ,
1030 2003 1236 2070 quam
1287 1991 1517 2048 textus
1563 1981 1715 2072 ipse
1764 1979 2179 2051 orationum.

403 2077 576 2142 Coll.
627 2077 810 2146 Novi
855 2077 1092 2146 Codex
1141 2116 1234 2132 -
1299 2101 1461 2146 cum
1505 2076 2031 2170 Prolegomenis
2094 2078 2370 2168 quibus-

203 2171 368 2238 dam
418 2175 748 2242 mutilatis
809 2185 880 2243 et
940 2170 1241 2244 scholiis.
1357 2177 1462 2243 Ad
1524 2179 1783 2246 calcem
1844 2174 2009 2242 libri
2070 2176 2369 2264 legimus

191 2263 649 2453 ’ἕντωνῖνος
699 2271 1046 2375 Δαμιλᾶς
1091 2272 1234 2344 καὶ
1287 2272 1525 2346 τοῦτο
1588 2267 2067 2368 ἀνεπλήρωσε
2115 2269 2205 2344 τὸ
2246 2275 2366 2360 βι-

269 2363 450 2439 Λιόν

400 2469 599 2536 Edita
651 2480 882 2538 autem
931 2471 1193 2539 scholia
1239 2471 1326 2537 ad
1357 2470 1931 2539 Panathenaicam
1981 2472 2371 2541 orationem

205 2564 536 2634 desinunt
585 2566 726 2654 jam
769 2590 930 2657 pag.
990 2580 1165 2656 104,
1217 2568 1320 2635 ed.
1365 2570 1569 2637 Jebh.

399 2665 506 2730 Ex
563 2662 728 2733 cod.
778 2662 1149 2735 Palatino
1199 2688 1352 2735 nro.
1413 2686 1569 2756 ¹²9·
1620 2666 1741 2757 qui
1790 2665 2013 2755 qualis
2064 2664 2187 2750 sit,
2232 2664 2369 2755 jam

207 2770 368 2827 ante
415 2783 532 2829 me
579 2763 822 2831 doctos
869 2763 1144 2831 edocuit
1172 2764 1557 2831 Creuzerus
1589 2766 1671 2831 V.
1696 2766 1781 2829 D.
1829 2763 1905 2829 in
1936 2764 2283 2831 Meletem.
2316 2766 2372 2851 Ι,

209 2880 278 2945 p.
316 2860 431 2947 98.
479 2880 621 2949 seq.
670 2870 740 2926 et
785 2861 908 2952 qui
953 2882 1114 2927 eum
1159 2872 1433 2929 secutus
1483 2873 1587 2929 est
1630 2860 2023 2929 Wilkenius
2083 2861 2162 2925 in
2210 2863 2369 2931 hist.
2450 2929 2457 2941 ,

209 2955 380 3023 bibl.
433 2958 746 3028 Heidelb.
795 2980 863 3047 p.
911 2978 1048 3047 279
1097 2998 1195 3011 -
1244 2982 1334 3027 ex
1381 2960 1693 3028 Palatino
1744 2960 1885 3026 una
1927 2982 2085 3025 cum
2134 2961 2374 3027 floscu-

211 3054 298 3121 lis
348 3053 709 3122 Aristideis
761 3066 1086 3143 excerpta
1133 3057 1296 3123 hinc
1359 3056 1520 3127 inde
1584 3080 1673 3125 ex
1738 3055 2017 3125 scholiis
2080 3056 2371 3142 Codicis,

211 3152 393 3217 unde
448 3152 702 3220 sciolus
763 3152 1142 3240 excerpsit,
1224 3155 1527 3243 margini
1567 3156 1813 3243 procul
1863 3154 2072 3221 dubio
2124 3154 2374 3221 adscri-

211 3248 368 3335 ptis,
419 3272 582 3315 nam
630 3248 849 3339 ipsius
879 3251 1306 3341 excerptoris
1357 3274 1501 3320 non
1553 3264 1735 3339 sunt,
1782 3272 1934 3317 sum
1963 3250 2373 3340 expiscatus.

211 3346 421 3413 Levia
469 3347 589 3415 illa
652 3347 969 3437 quidem,
1040 3358 1118 3415 ut
1186 3369 1394 3437 supra
1457 3349 1595 3436 jam
1645 3348 1885 3435 docui,
1975 3358 2045 3415 et
2093 3349 2375 3415 nonnisi
2446 3348 2454 3357 ”

212 3442 302 3509 ad
331 3444 526 3512 locos
558 3466 730 3534 quos
765 3446 1001 3513 dicunt
1031 3468 1433 3515 communes
1479 3446 1896 3538 pertinentia
1935 3470 2000 3513 v.
2034 3469 2142 3535 gr.
2185 3442 2373 3517 καδ-

213 3537 396 3633 μεία
458 3538 634 3629 νίκη
654 3592 674 3627 ,
743 3537 1039 3627 §bom-a
1105 3538 1487 3627 ἀναξύειν
1502 3598 1527 3633 ,
1589 3539 1875 3615 λέοντα
1940 3546 2245 3637 ξυρεῖν,
2324 3540 2367 3615 ὁ

214 3634 434 3756 Κρὴς
478 3636 623 3711 τὸν
647 3636 981 3729 πόντον,
1033 3641 1117 3708 de
1149 3642 1489 3731 singulari
1519 3643 1710 3711 vocis
1746 3636 2136 3737 διαφέρειν
2168 3664 2373 3709 sensu

213 3760 342 3849 pro
391 3733 689 3825 ἀνύειν,
764 3762 972 3832 quam
1041 3738 1384 3807 rationem
1444 3742 1615 3813 item
1675 3742 1993 3810 obtinere
2060 3740 2373 3809 videmus

213 3836 288 3899 in
333 3837 622 3905 scholiis
671 3837 1070 3928 platonicis,
1121 3860 1296 3927 quae
1345 3838 1508 3907 inde
1557 3838 1769 3907 edidit
1816 3841 2199 3909 Creuzerus
2239 3840 2285 3903 l.
2325 3840 2371 3903 1.

215 3933 319 4000 Ad
344 3935 642 4005 verbum
679 3946 908 4004 autem
939 3936 1363 4025 saepiuscule
1395 3960 1552 4005 cum
1580 3936 1867 4029 reliquis
1912 3936 2373 4005 consentiunt.

403 4034 564 4101 Jam
594 4034 845 4120 habes,
893 4032 1340 4103 dilectissime
1373 4036 1631 4121 lector,
1682 4036 1933 4125 quibus
1962 4033 2179 4125 copiis
2218 4057 2377 4101 con-

221 4130 378 4201 fisus
427 4132 515 4199 ad
561 4135 733 4203 haec
783 4132 1042 4201 scholia
1098 4132 1359 4203 edenda
1408 4156 1521 4203 me
1572 4132 2014 4205 accinxerim.
2112 4133 2373 4229 Quodsi
