2802 4810
478 341 600 386 xlv

475 515 648 580 citra
699 514 1096 602 opinionem
1143 535 1369 582 meam
1412 515 1841 603 provinciam
1876 531 2161 580 ornasse
2192 514 2379 582 visus
2412 515 2640 600 fuero,

475 605 802 678 meliora
811 633 922 678 me
975 611 1258 679 edoceas
1275 663 1294 696 ‚
1358 613 1647 680 meliora
1694 612 2209 702 cupidissimum
2258 611 2557 680 edoceri.

663 709 902 776 Restat
952 731 1174 792 nunc,
1224 722 1300 777 ut
1351 711 1435 777 de
1482 711 1637 799 ipso
1688 709 2109 778 scholiorum
2158 720 2439 778 auctore
2476 734 2643 800 pau-

473 808 570 874 cis
639 806 994 894 defungar.
1099 809 1320 901 Quem
1391 831 1533 875 non
1582 831 1836 892 unum,
1900 807 2333 897 eundemque
2394 811 2639 896 genui-

473 925 638 970 num
689 925 873 975 nunc
921 903 1090 971 ferri
1145 907 1396 996 opinor
1415 957 1434 990 ,
1518 907 1639 974 sed
1704 929 1793 974 ex
1840 905 2302 994 plurimorum
2352 907 2439 973 ad
2484 907 2637 974 Ari·

471 1002 718 1072 stidem
782 1005 1298 1072 commentariis
1363 1007 1533 1072 haec
1611 1005 1872 1072 scholia
1952 1013 2185 1070 coacta
2202 1051 2222 1086 ‚
2317 1004 2633 1094 adeoque

469 1101 672 1187 haec,
719 1121 895 1190 quac
945 1101 1034 1168 ab
1083 1124 1225 1171 uno
1273 1102 1590 1192 profecto
1630 1112 1827 1188 sunt,
1892 1121 2035 1169 non
2084 1102 2273 1168 leves
2326 1123 2635 1168 commu-

467 1197 762 1264 tationes
813 1197 884 1262 in
941 1219 1016 1266 se
1079 1201 1227 1267 fieri
1277 1219 1481 1288 passa
1552 1199 1892 1266 videntur.
1990 1195 2251 1292 Quodsi
2318 1221 2487 1266 vero
2540 1221 2635 1264 ex

463 1308 578 1362 me
643 1297 957 1385 quaeris,
1049 1298 1366 1387 quisnam
1446 1297 1722 1367 tandem
1802 1294 2173 1385 primarius
2236 1306 2499 1362 auctor‘
2540 1296 2633 1362 sit

465 1393 820 1460 habendus
834 1396 872 1458 Ξ)
967 1389 1384 1486 Sopatrum
1448 1396 2007 1486 Apama-ensem
2074 1413 2189 1460 me
2270 1404 2629 1460 auctorem

465 1491 797 1578 suspicari
872 1491 1036 1558 satis
1103 1491 1529 1560 confidenter
1590 1492 2001 1582 respondeo.
2131 1491 2629 1580 Praeterquam

463 1589 646 1656 enim
709 1588 896 1678 quod
951 1587 1152 1656 facile
1219 1587 1535 1675 conjectu
1594 1591 1721 1676 sit,
1796 1589 1918 1680 qui
1978 1590 2481 1678 prolegomena
2549 1587 2623 1652 in

463 1684 936 1754 doctissimum
968 1689 1150 1754 hunc
1197 1687 1579 1775 sophistam
1620 1686 2153 1777 conscripserit,
2198 1685 2495 1754 eundem
2530 1685 2631 1751 fa-

461 1785 592 1854 cile
667 1785 758 1850 ob
824 1794 927 1850 tot
1004 1794 1364 1874 tantasque
1440 1785 1873 1854 difficultates
1939 1783 2085 1870 ejus
2124 1782 2353 1872 ,copio
2364 1782 2627 1852 siorem

459 1879 1014 1969 explanationem
1070 1881 1453 1971 suscepisse
1523 1921 1614 1934 —-
1687 1883 1983 1967 accedit,
2064 1891 2142 1948 ut
2186 1879 2477 1950 Jehhius
2546 1881 2627 1944 in

457 1981 610 2048 Bar.
666 2001 726 2064 7.
771 1979 1044 2068 Sopatri
1111 1980 1535 2069 (Sophianus
1586 1978 1838 2048 dicitnr
1880 1980 1969 2046 ab
2014 1990 2297 2046 auctore
2319 2028 2339 2064 ,
2404 1979 2625 2044 Catal.

455 2077 631 2142 Bibl.
681 2078 836 2142 Bar.
890 2077 980 2144 cf.
1028 2079 1228 2146 Fabr.
1280 2079 1403 2164 Vl,
1460 2079 1601 2174 55.)
1648 2100 1906 2148 nomen
1955 2076 2063 2144 his
2116 2075 2393 2144 scholiis
2427 2098 2627 2165 prae-

455 2175 634 2241 mitti
662 2184 946 2244 testatus
993 2174 1104 2262 sit,
1151 2187 1228 2242 ut
1277 2175 1431 2264 ipse
1482 2178 1873 2264 Prolegom.
1906 2185 2179 2294 auctor,
2228 2173 2349 2264 qui
2398 2174 2627 2240 fertur

459 2269 798 2364 Sopater
843 2272 1350 2364 Apameensis
1418 2269 1940 2367 Σώπατρος
2022 2267 2069 2344 o‘
2130 2267 2623 2364 Ἀπαμεὺς,
2774 2199 2777 2373 Ι

457 2371 983 2459 explanaturum
1065 2392 1140 2439 se
1195 2370 1519 2441 Aristidis
1582 2371 2155 2441 Panathenaicam
2226 2369 2619 2438 orationem
2772 2426 2774 2433 .

455 2479 524 2535 et
573 2466 920 2536 orationes
984 2466 1368 2559 platonicas
1432 2470 1790 2559 professus
1862 2470 1967 2540 sit.
2090 2468 2367 2536 Etenim
2420 2468 2625 2533 Alex·

453 2566 671 2631 andro
723 2563 1085 2652 familiari,
1152 2565 1342 2652 cujus
1383 2568 1459 2633 in
1498 2567 1793 2656 gratiam
1830 2567 2338 2657 Prolegomena
2388 2562 2625 2630 condi-

451 2663 582 2747 dit,
651 2665 819 2731 haec
871 2664 1150 2753 scripsit
1197 2664 1272 2729 in
1321 2667 1597 2755 Proleg.
1652 2665 1737 2730 ad
1790 2675 1964 2733 orat.
2014 2664 2101 2781 dte
2138 2666 2339 2731 Rhet.
2429 2656 2621 2753 Ἀρι-

375 2841 381 2852 ,
449 2755 738 2846 στείδης
791 2756 834 2829 o‘
887 2758 1252 2855 σοφιστὴς
1301 2762 1405 2845 (in
1452 2764 1702 2831 Schell.
1750 2762 1998 2829 desunt
2031 2756 2075 2831 ὁ
2114 2770 2211 2843 o.)
2274 2756 2623 2851 ἐντυχὼν

451 2856 548 2978 τῷ
581 2854 879 2953 Γοργίᾳ
933 2858 1078 2929 τοῦ
1120 2853 1545 2945 Πλάτωνος
1592 2858 1735 2931 καὶ
1770 2855 1954 2941 τοὺς
1982 2858 2133 2931 τῶν
2174 2853 2620 2947 Ἀθηναίων

449 2952 784 3049 ρήτορας
847 2952 1528 3049 διαβαλλομένους
1590 2953 1848 3076 εὑρὼν
1903 2984 2001 3026 τω
2066 2957 2373 3077 πιθανῷ
2421 2952 2619 3076 πρὸς

449 3051 587 3141 τὴν
637 3053 785 3126 τῶν
834 3050 1287 3147 ἀναγκαίων
1333 3050 1557 3128 λύσιν
1591 3030 2129 3171 χρησάμενος,
2180 3052 2321 3127 τὸν
2366 3050 2619 3145 λόγον

447 3146 832 3241 συνέθηκε
879 3148 1551 3248 προσποιούμενος
1618 3148 2127 3269 παρατρέπειν
2200 3154 2487 3239 (Schell.
2542 3164 2615 3219 et

443 3245 598 3321 Bar.
647 3275 708 3339 7.
761 3255 1018 3321 rectius
1022 3249 1547 3420 δπεριτρὲπειν)
1597 3256 1702 3335 εἰς
1748 3246 2240 3338 τουναντίον,
2290 3245 2346 3319 ὁὶ
2393 3244 2612 3320 Πλά-

447 3374 596 3419 των
638 3346 797 3443 μετ’
861 3347 1324 3437 ἀποδείξεων
1373 3352 1659 3445 εἴρηκε·
1740 3345 1901 3420 ι’να
1964 3344 2065 3420 δέ
2132 3369 2283 3419 σοι
2334 3342 2612 3443 σαφέ-

445 3466 818 3565 στερον,
860 3444 1423 3543 Ἀλέξανδρε
1470 3444 2018 3542 τιμιώτατε,
2071 3443 2234 3537 τήν
2287 3470 2381 3517 τε
2435 3444 2611 3515 τοῦ

357 3620 366 3639 ,
443 3540 962 3632 Πλάτωνος
1045 3549 1214 3619 καὶ
1285 3546 1453 3635 τὴν
1532 3544 1711 3617 τοῦ
1786 3544 2267 3639 σοφιστοῦ
2340 3568 2609 3636 μετα-

429 3639 858 3737 χείρισιν
931 3641 1650 3738 ἐκκαλύψωμεν
1720 3647 1933 3761 περὶ
2003 3643 2175 3715 τοῦ
2238 3642 2607 3713 πολιτι-

437 3767 553 3813 κο
573 3740 622 3812 ὗ
669 3768 742 3813 κ.
773 3770 831 3813 τ.
857 3742 923 3813 λ.
953 3782 1042 3795 -—-
1075 3745 1338 3811 duabus
1364 3745 1511 3813 fere
1536 3743 1810 3833 paginis
1844 3742 2223 3829 interjectis
2256 3780 2355 3793 -—
2378 3736 2423 3809 ὁ
2452 3736 2609 3856 τρί-

439 3866 585 3910 vv»
628 3836 1074 3934 Ἀριστείδης
1121 3882 1218 3893 —-
1263 3839 1457 3934 πρὸς
1509 3837 1594 3913 δὲ
1644 3838 1782 3928 τὴν
1832 3836 2217 3928 διαβολὴν
2267 3838 2421 3910 τῶν
2470 3833 2607 3907 ἆν-

441 3936 646 4032 δρῶν
696 3940 837 4011 τὸν
883 3939 1054 4011 νῦν
1099 3943 1233 4023 εἰς
1277 3935 1734 4032 ἐξήγησιν
1796 3937 2036 4034 ἡμῖν
2101 3933 2604 4055 προαείμε-

443 4061 609 4108 νον
663 4078 752 4090 -
805 4050 873 4105 et
919 4039 995 4105 in
1033 4038 1305 4128 Proleg.
1355 4038 1443 4107 ad
1492 4050 1664 4109 orat.
1714 4061 1845 4128 pro
1895 4037 2417 4159 Quatuorviris,
2466 4030 2603 4105 ἕνα

440 4131 523 4207 δὲ
569 4133 848 4209 λοιπὸν
897 4134 1088 4231 ἡμῖν
1159 4133 1487 4229 ολόγος
1544 4132 1854 4229 γένηται
1926 4134 2159 4231 πρὸς
2238 4130 2343 4206 τὸ
2432 4128 2603 4221 τὴν
