2802 4810
469 379 541 426 VI

467 572 580 618 cas
630 549 1032 618 Holstenius
1101 561 1168 618 et
1217 551 1361 617 Leo
1412 547 1701 616 Allatius
1752 547 2221 615 tractaverint.
2341 547 2635 639 Utrique

464 649 792 735 patebant
838 649 1216 715 immensae
1268 647 1579 714 Vaticani
1647 645 1906 735 copiae.
2026 648 2213 712 Inter
2263 645 2637 731 PalatinoS,

465 753 704 834 postea
735 747 1138 832 vaticanos,
1190 745 1403 812 Codd.
1436 745 1780 834 Mscrptos
1812 765 1968 810 cum
2009 743 2310 832 egregiis
2352 744 2637 811 scholiis

467 841 722 930 fuisse,
770 851 957 933 patet
1003 845 1113 910 vel
1167 867 1256 912 ex
1296 841 1499 910 brevi
1536 841 1891 930 Sylburgii
1935 841 2343 910 recensione
2407 864 2472 907 v.
2526 863 2635 929 gr.

467 961 620 1006 nro.
676 961 785 1032 29.
839 953 952 1016 52.
1007 935 1155 1030 (qui
1213 941 1483 1024 Codex,
1538 939 1762 1006 forma
1814 938 1971 1024 fol„
2041 951 2317 1026 praeter
2362 941 2639 1028 Apollo-

382 1069 391 1081 ·
466 1037 714 1103 dorum
769 1048 838 1104 et
863 1039 1204 1106 Achillem
1232 1039 1540 1123 Tatium,
1590 1037 1664 1102 in
1695 1036 2013 1104 Aristidis
2051 1035 2401 1104 orationes
2444 1038 2640 1128 §cho-

466 1134 558 1199 lia
611 1135 953 1219 continet)
1007 1157 1120 1230 90.

661 1233 1092 1299 Memoratur
1153 1232 1516 1322 'praeterea
1576 1231 1650 1296 in
1710 1229 1784 1302 J.
1851 1227 2189 1300 Hertelii
2242 1229 2499 1299 introd.
2560 1230 2637 1296 in

427 1331 813 1418 ‘theatrum
885 1330 1314 1398 comicorum
1381 1327 1782 1397 scholiastes
1856 1329 1929 1392 in
1990 1327 2363 1394 Aristidem
2426 1327 2642 1394 inedi-

469 1434 578 1491 tus
629 1426 812 1493 inter
876 1426 1138 1512 fontes,
1217 1425 1400 1493 unde
1468 1426 1896 1494 comicorum
1958 1423 2304 1512 fragmina
2356 1425 2644 1513 collegit

471 1522 581 1590 vir
627 1523 906 1609 doctus;
970 1547 1309 1614 quaenam
1356 1534 1587 1590 autem
1636 1522 1798 1592 inde
1846 1522 2261 1608 servaverit,
2320 1521 2641 1610 nuspiam

469 1621 706 1709 legere
734 1621 1044 1688 memini.
1145 1621 1560 1710 Suspicabar
1594 1631 1859 1706 autem,
1908 1619 2376 1707 fragmentum
2417 1621 2645 1708 Eupo-

343 1750 350 1758 -
471 1717 630 1784 lidis
682 1718 766 1783 de
819 1718 1082 1786 Pericle
1133 1719 1290 1805 dici,
1345 1717 1532 1810 quod
1588 1715 1966 1806 publicavit
1998 1719 2159 1784 Des.
2210 1718 2477 1784 Erasm.
2528 1719 2640 1782 111.

476 1825 553 1900 ιι,
621 1839 686 1903 p.
743 1827 916 1902 752,
988 1817 1310 1908 quodque
1359 1815 1434 1882 in
1498 1819 1843 1882 theatrum
1892 1836 2048 1903 pag.
2106 1815 2278 1904 298,
2364 1837 2516 1881 nro.
2572 1809 2641 1885 6.

473 1912 706 1979 retdlit
755 1913 1125 1983 Hertelius.
1237 1913 1638 1982 Desiderius
1686 1923 1916 2004 autem
1966 1935 2055 1978 ex
2108 1913 2326 1978 schol.
2378 1912 2641 1979 inedito

473 2009 559 2074 ad
583 2009 861 2078 Aristid.
909 2011 1250 2078 Periclem
1297 2014 1453 2078 loco
1506 2011 1599 2077 ab
1648 2010 1797 2099 ipso
1845 2009 2121 2076 laudato
2174 2008 2641 2099 depromsisse

472 2106 784 2193 videtur,
831 2107 994 2174 licet
1043 2109 1116 2173 in
1166 2109 1448 2176 scholiis
1500 2128 1779 2200 quoque
1828 2106 1915 2172 ad
1961 2106 2495 2196 Aristophanem
2537 2130 2647 2173 re-

471 2203 800 2292 periatur.

668 2323 743 2396 J·
781 2324 869 2399 G·
911 2323 1325 2413 Graevius,
1382 2326 1642 2394 scholia
1696 2325 1781 2392 ad
1830 2278 2203 2394 Aristidem
2252 2323 2493 2392 hahuit
2542 2325 2645 2390 in·
2780 2323 2782 2373 i

476 2422 690 2511 edita,
762 2426 898 2492 vid.
951 2426 1139 2495 Harl.
1191 2426 1276 2492 ad
1326 2426 1659 2493 Faba-B.
1714 2424 1834 2491 Gr.
1886 2432 1931 2489 t.
1987 2426 2112 2510 VI,
2162 2449 2227 2514 p.
2276 2426 2385 2493 33.

665 2542 740 2613 J.
790 2548 887 2615 A.
937 2542 1258 2633 Rosius,
1323 2544 1411 2611 ad
1460 2546 1633 2637 Nep.
1684 2546 1861 2615 Milt.
1928 2546 2047 2611 VII
2100 2547 2515 2617 scholiasten
2567 2546 2643 2611 in

470 2639 844 2709 Aristidem
893 2654 1254 2712 memorat.
2112 2637 2117 2645 ’

667 2765 930 2831 Inedita
975 2776 1334 2853 praeterea
1382 2768 1777 2834 habuerunt
1828 2766 2093 2833 scholia
2148 2763 2521 2835 Schottus
2564 2766 2639 2833 in

472 2878 782 2945 paroem.
836 2858 880 2931 ὁ
923 2859 1132 2955 Κρὴς
1202 2858 1341 2950 τὴν
1400 2858 1827 2935 θάλασσαν
1895 2874 1964 2931 et
2010 2858 2375 2955 Καδμεία
2440 2860 2639 2951 νίκη.

475 2952 917 3028 politianus
963 2954 1258 3027 Observ.
1309 2984 1368 3029 c.
1401 2986 1515 3051 91.
1588 2960 2065 3055 Batgersius
2102 2964 2263 3029 Var.
2296 2962 2451 3027 lect.
2484 2964 2533 3047 1,
2572 2987 2639 3052 9.

473 3051 760 3121 Salmas.
787 3057 872 3123 de
887 3057 1004 3122 Us.
1031 3078 1098 3144 p.
1121 3056 1284 3133 464.
1367 3059 1539 3127 Vide
1557 3058 1923 3126 Abreschii
1959 3058 2320 3147 epistolam
2352 3060 2441 3125 ad
2474 3060 2535 3125 J.
2576 3062 2635 3126 J.

469 3148 830 3218 Reiskium
882 3154 1110 3221 datam
1161 3154 1236 3221 in
1286 3156 1432 3242 ejus
1485 3156 1625 3223 vita
1650 3156 1923 3244 abipso
1960 3156 2357 3244 conscripta
2382 3178 2447 3245 p.
2478 3160 2637 3223 203.

659 3271 984 3343 Arnold.
1034 3272 1764 3361 Drakenborchius,
1826 3275 2070 3341 habuit
2119 3276 2443 3343 Codicem
2494 3278 2639 3343 Ari·
2776 3240 2778 3287 ³

469 3366 700 3454 stidis,
751 3370 861 3437 cui
903 3370 1191 3439 inerant
1242 3374 1503 3441 scholia
1529 3374 1787 3441 inedita
1837 3374 1913 3437 in
1946 3376 2318 3441 Panathen.
2350 3383 2419 3440 et
2460 3385 2635 3441 orat.

467 3486 600 3553 pro
649 3468 1159 3563 Quatuorviris.
1277 3469 1342 3539 Is
1409 3482 1641 3540 autem
1690 3472 1855 3539 Cod.
1907 3481 2145 3560 postea
2199 3494 2286 3538 ex
2351 3471 2635 3559 publica

466 3562 810 3631 librorum
857 3568 1210 3634 Drakenb.
1271 3568 1719 3638 distractione
1783 3570 1869 3636 ad
1942 3566 2035 3638 P.
2100 3568 2635 3639 Burmannum

459 3658 806 3748 priorem
855 3665 1210 3752 pervenit,
1276 3665 1433 3733 Vita
1480 3668 1542 3733 J.
1593 3668 1656 3734 J.
1702 3666 1969 3734 Reiskii
2042 3690 2109 3756 p.
2149 3690 2327 3756 ‘¹97-
2423 3666 2639 3732 Pluri-

467 3756 600 3824 bus
631 3770 865 3827 autem
900 3762 1098 3827 annis
1128 3775 1291 3831 ante
1339 3772 1409 3845 (ι
1428 3766 1597 3851 725)
1627 3765 2240 3832 Drakenborchius
2280 3760 2375 3833 L.
2395 3762 2637 3833 Abre-

466 3852 684 3923 schio
732 3860 918 3925 hunc
971 3859 1284 3949 codicem
1331 3862 1419 3928 ad
1467 3865 1944 3952 apographum
1994 3864 2422 3929 scholiorum
2474 3862 2635 3927 inde

467 3953 978 4024 conficiendum
1046 3971 1522 4046 concesserat,
1611 3960 1698 4026 cf.
1764 3959 1927 4027 ibid.
2006 3984 2070 4049 p.
2130 3982 2257 4027 201
2318 3981 2463 4049 seq.
2516 3958 2640 4025 ubi

466 4048 794 4119 Scholion
845 4054 929 4121 de
977 4054 1196 4141 Saite,
1263 4057 1564 4147 Aegypti
1613 4058 1829 4143 urbe,
1904 4080 2063 4126 cum
2114 4056 2401 4126 Reiskio
2454 4080 2635 4126 com-

410 4178 424 4191 ·
465 4147 846 4217 municavit
889 4152 1334 4222 Abreschius.
