2802 4810
669 279 704 339 3
725 282 807 359 ill

596 510 608 535 ,,
665 455 818 521 Cod.
851 454 1047 539 Laid„
1095 454 1232 537 tulit
1258 436 1589 535 judiciums
1618 476 1689 517 ex
1708 455 1806 516 his
1836 454 2092 537 probari
2162 458 2323 521 ossit.
2412 460 2527 551 Qui
2558 467 2655 546 qui·

663 541 802 602 dem
844 538 943 601 vir
983 536 1195 601 doctus
1246 540 1362 601 ita:
1434 537 1673 600 »Stilus
1714 538 2079 601 scholiastae
2164 559 2279 600 ene
2344 563 2579 625 graecus
2614 562 2655 606 et

664 636 804 687 anto
843 619 1169 683 ,Iustiniani
1213 634 1473 683 aetatem
1514 620 1870 683 censendus.
1894 641 1921 677 α
2046 619 2226 713 Quae
2269 624 2345 685 ad
2386 639 2529 686 orat.
2570 650 2659 708 pro

665 705 1097 799 Quatuorviris
1139 702 1373 767 scholia
1417 707 1480 768 in
1524 703 1677 769 cod.
1722 708 1802 767 D.
1849 703 2245 788 legebantur,
2302 708 2517 788 majori
2555 730 2661 771 cum

667 810 814 851 cura
844 785 1142 869 excerpsi,
1187 785 1290 861 ita,
1333 801 1403 850 ut
1428 787 1720 869 iis,.quae
1759 788 2009 869 potiora
2046 788 2427 863 viderentur,
2472 791 2661 863 electis,

662 872 900 956 reliqua
942 890 1137 955 eaque
1175 870 1340 933 haud
1368 890 1517 939 raro
1552 870 1752 932 futilia
1786 868 1973 949 plane
2010 872 2521 952 transmitterem3
2556 875 2668 936 inde

661 954 888 1017 factum
901 1000 918 1031 ‚
963 967 1034 1019 ut
1069 952 1495 1017 addidamenta
1536 951 1615 1017 ud
1652 951 1848 1015 schol.
1892 956 1957 1014 in
2000 968 2155 1016 orat.
2199 974 2323 1036 pro
2366 954 2663 1047 Quatuorv.

661 1038 850 1120 longe
887 1036 1301 1101 contractiora
1324 1035 1677 1099 existerent.
1760 1037 1980 1097 Exstat
2001 1050 2328 1118 praeterea
2370 1038 2441 1099 in
2468 1038 2664 1101 Biblio-

660 1119 840 1182 theca
879 1118 1057 1203 regia
1100 1120 1418 1202 exemplar
1454 1117 1831 1181 scholiorum
1874 1120 1940 1181 in
1980 1121 2261 1193 Panath„
2306 1120 2499 1203 ipsius
2523 1123 2666 1185 Ame-

657 1202 780 1278 nii,
825 1201 1290 1265 Monembesiae
1330 1200 1648 1286 episcopi,
1704 1222 1890 1264 manu
1930 1201 2336 1285 descriptum.
2448 1207 2539 1266 Ex
2574 1226 2665 1287 quo

657 1307 844 1375 quum
870 1286 1067 1347 multo
1090 1286 1384 1348 uberiora
1418 1286 1689 1369 itemque
1719 1284 2151 1347 reconditioris
2185 1284 2502 1349 doctrinae
2528 1288 2669 1371 plena

655 1390 758 1433 me
803 1370 1241 1431 exhaustarum
1291 1388 1614 1453 sperarem
1631 1414 1650 1447 ,
1706 1388 1849 1432 mox
1890 1366 2310 1431 doctissimum
2352 1369 2666 1452 episcopum

655 1452 902 1517 nonnisi
930 1473 1008 1515 ex
1039 1451 1250 1513 nescio
1281 1454 1460 1535 cujus
1492 1450 1721 1515 codicis
1744 1448 2122 1594 marffiinibus
2152 1453 2308 1515 haec
2338 1452 2569 1515 scholia
2588 1454 2667 1515 de·

654 1536 884 1619 scripta
924 1537 990 1597 in
1031 1556 1222 1597 unum
1261 1536 1579 1613 volumen,
1622 1532 1783 1617 quod
1832 1534 1885 1595 si
1931 1535 1953 1595 i
1994 1536 2224 1619 legenti
2269 1536 2560 1597 Aristidis
2584 1540 2670 1598 Pa-

655 1620 820 1683 nath.
867 1638 1118 1702 semper
1160 1618 1238 1682 ad
1277 1641 1491 1683 manus
1534 1630 1721 1693 esset,
1765 1618 2097 1681 contulisse
2137 1618 2283 1697 vidi,
2330 1633 2403 1681 ut
2442 1617 2588 1679 nihil
2616 1640 2672 1680 ex

655 1723 734 1765 eo
777 1702 946 1764 libro
973 1702 1334 1786 excerpere,
1379 1724 1582 1786 quam,
1626 1720 1783 1784 quae
1820 1722 1894 1762 ex
1928 1703 2068 1784 Ap„
2112 1706 2315 1779 Mon.,
2363 1700 2564 1777 Leid.,
2598 1722 2671 1767 re-

657 1786 866 1871 liquis,
911 1799 1116 1847 essent
1155 1798 1340 1864 nota,
1385 1801 1678 1869 repetere
1719 1785 1985 1846 mallem.

817 1872 1017 1951 Atque
1068 1867 1185 1934 hac
1225 1869 1366 1933 data
1411 1869 1735 1932 occasione
1776 1866 1933 1929 illud
1972 1889 2010 1929 a
2050 1886 2152 1928 me
2192 1866 2540 1949 impetrare
2574 1889 2671 1929 non

653 1974 929 2035 possum,
969 1949 1116 2033 quin
1141 1950 1206 2012 in
1234 1950 1635 2035 popularium
1660 1970 1943 2011 meorum
1980 1969 2305 2025 consessu,
2352 1964 2571 2035 quanta
2597 1970 2673 2011 me

650 2034 940 2098 comitate
978 2036 1036 2097 J.
1077 2039 1152 2097 Β.
1201 2036 1443 2097 Gailius
1484 2046 1547 2095 et
1586 2037 1661 2096 Β.
1709 2032 1951 2107 Hasius,
1996 2034 2255 2095 Parisiis
2293 2032 2449 2094 dum
2489 2054 2671 2105 essem,

651 2116 968 2201 prosecuti
1007 2118 1156 2196 sint,
1199 2130 1487 2181 testatum
1529 2116 1771 2179 faciam.
1882 2115 2008 2208 Qui
2066 2117 2317 2199 quidem
2373 2115 2674 2177 doctissimi

650 2202 770 2266 viri
813 2214 908 2265 tot
952 2214 1116 2263 tanta
1201 2220 1239 2261 e
1281 2200 1349 2262 in
1389 2221 1521 2271 me,
1566 2222 1601 2261 a
1644 2200 1961 2263 Creuzero
2004 2196 2515 2273 commendatum,
2560 2218 2674 2259 mn·

651 2284 926 2347 tulerunt
966 2282 1127 2345 bene
1176 2283 1300 2357 cia,
1369 2295 1441 2345 ut
1493 2280 1675 2344 dictis
1727 2280 1889 2344 facta
1944 2300 2292 2365 exaequare
2343 2302 2476 2343 non
2522 2301 2675 2363 posse

561 2415 566 2424 ·
650 2368 1052 2434 vehementer
1091 2365 1332 2444 dolea13
1394 2362 1823 2429 vehementius
1876 2364 2059 2427 etiam
2077 2409 2095 2442 ‚
2162 2363 2332 2446 quod
2388 2364 2539 2427 mihi
2575 2384 2675 2425 non

650 2465 772 2528 est,
823 2450 988 2513 unde
1033 2449 1293 2549 gratias,
1344 2467 1497 2532 quas
1536 2449 1739 2512 habeo
1782 2445 2105 2524 maximas,
2174 2465 2399 2532 queam
2443 2447 2673 2510 referre.

649 2538 926 2622 Uterque
967 2553 1136 2595 emm
1178 2550 1399 2594 eorum
1416 2577 1435 2607 ,
1506 2542 1575 2592 ut
1618 2530 1739 2613 ipsi
1778 2530 2074 2616 singulari
2132 2529 2212 2589 de
2251 2529 2487 2593 litteris
2526 2530 2676 2591 bonis

648 2619 810 2682 bene
849 2616 1132 2679 merendi
1171 2613 1374 2677 studio
1416 2615 1723 2691 feruntur,
1767 2611 1852 2677 ita
1891 2613 2066 2687 nihil,
2112 2610 2457 2674 dummodo
2486 2613 2673 2696 juven·

648 2715 753 2764 tur
792 2699 1072 2784 ejusdem
1105 2699 1202 2760 rei
1240 2697 1501 2761 studiosi
1537 2697 1745 2759 oneris
1772 2709 2071 2759 recusant.
2156 2699 2341 2758 Hanc
2368 2697 2675 2780 gratissimi

651 2785 838 2848 animi
877 2780 1386 2868 significationem
1412 2779 1627 2856 Vobis,
1670 2775 2098 2862 spectatissimi
2129 2778 2268 2853 viri,
2318 2781 2554 2847 Vestro
2574 2796 2675 2838 me-

651 2869 773 2931 rito
816 2867 1049 2930 debere
1090 2863 1240 2926 mihi
1283 2863 1544 2928 videbar
1560 2908 1577 2940 ,
1638 2885 1763 2926 neu
1806 2860 2101 2939 credatis,
2164 2881 2266 2921 me
2308 2861 2527 2930 Vestri
2570 2860 2673 2921 exi-

649 2950 930 3033 miaeque
969 2951 1231 3018 Vestrae
1271 2947 1335 3009 in
1378 2965 1481 3009 me
1522 2945 1819 3010 comitatis
1864 2945 2242 3010 oblivionem
2288 2956 2559 3027 un'qusm
2590 2965 2672 3036 fu-

648 3033 932 3096 bituram.

983 3161 1116 3238 Tu,
1161 3157 1467 3221 benevole
1512 3157 1745 3230 lector,
1802 3157 1939 3218 vale
1984 3169 2045 3218 et
2086 3153 2243 3216 save.
