2802 4810
2210 407 2343 457 xlx
2470 440 2476 447 -

161 575 390 642 veluti
440 597 694 645 norma
737 576 825 644 de
891 573 1266 644 virtutibus
1317 579 1647 668 oratoriis
1692 575 2043 670 judicandi
2091 600 2343 669 propo-

160 682 476 762 nuntur3
523 671 715 764 quod
759 675 930 744 item
977 674 1054 740 in
1089 667 1314 771 διαιρ.
1346 677 1508 766 ζητ.
1538 676 1798 747 factum
1824 677 2041 748 vides.
2135 672 2344 773 Χρό-

157 794 306 854 νος
323 821 346 858 ,
397 771 592 862 quod·
609 796 650 840 a
684 771 1191 842 recentioribus
1227 775 1511 844 Graecis
1557 785 1933 866 usurpatur
1972 796 2105 866 pro
2144 771 2344 867 ἔτος,

156 869 501 940 Valcken.
537 871 758 940 Diatr.
800 894 868 961 p.
917 869 1050 938 155
1105 866 1221 961 (cf.
1253 873 1480 943 Schol.
1524 873 1613 942 ad
1638 875 1820 942 Nub.
1862 875 2003 968 59.)
2022 903 2047 959 ,·
2094 873 2341 946 eodem

161 987 386 1034 sensu
437 989 480 1036 a
526 970 744 1040 schol.
802 969 890 1038 ad
932 970 1215 1037 Panath.
1265 985 1332 1060 p.
1383 970 1543 1061 275.
1644 973 1717 1040 C.
1770 995 1838 1062 p.
1892 972 2065 1057 158,
2116 973 2343 1058 Jehh„

162 1063 262 1136 αἱ
311 1069 440 1154 τῆς
487 1061 789 1161 εἰρήνης
853 1060 1188 1138 σπονδαὶ
1255 1064 1415 1140 οὐκ
1476 1072 1583 1153 εἰς
1625 1063 1691 1142 λ’
1745 1064 2101 1165 χρόνους
2158 1065 2342 1162 ἐχώ-

159 1183 454 1256 ρησαν,
529 1165 851 1258 itemque.
888 1167 964 1232 in
1014 1160 1242 1260 διαιρ.
1289 1169 1357 1253 ζ.
1424 1191 1491 1257 p.
1548 1167 1688 1245 354
1741 1161 2053 1260 ψευδεῖς
2101 1163 2343 1260 ἄπαγ-

157 1257 412 1352 reum
455 1261 600 1334 καὶ
632 1259 900 1355 λόγοι,
936 1289 1050 1358 χρ
1063 1258 1268 1362 ήνων
1302 1263 1611 1354 πλῆθος
1639 1261 1901 1358 μάτην
1938 1261 2345 1349 ἀπολωλὸς

159 1361 292 1428 uhi
327 1357 624 1457 χρόνοι
672 1386 814 1431 non
869 1373 1031 1430 sunt
1075 1372 1394 1452 tempora
1420 1376 1501 1433 ut
1528 1367 1605 1431 in
1634 1367 1847 1433 schol.
1882 1365 1968 1432 ad
1994 1368 2168 1434 Ran.
2199 1366 2344 1460 53).

161 1463 328 1548 Ipse
377 1470 610 1528 autem
661 1461 881 1529 libelli
929 1470 1174 1528 auctor
1221 1484 1292 1551 p.
1345 1465 1487 1553 309
1504 1513 1525 1550 ,
1596 1485 1657 1530 1.
1708 1463 1841 1530 sic:
1920 1458 2345 1556 Σώπατρος
2450 1503 2457 1512 -

164 1553 310 1648 ἐγὼ
363 1555 515 1629 τῶν
552 1551 994 1646 Ἀθηναίων
1042 1551 1517 1645 διδάσκαλος
1524 1590 1553 1652 ,·
1634 1571 1705 1628 et
1770 1559 2141 1628 laudantur
2192 1557 2345 1630 Mi-

171 1653 560 1726 aveamus
607 1680 675 1747 p.
716 1658 880 1749 293,
933 1677 1024 1724 2ο
1075 1657 1126 1724 f.
1175 1653 1717 1752 Porphyrius,
1770 1661 1935 1746 δυο,
1992 1658 2093 1752 15,
2124 1657 2173 1724 f.
2224 1659 2343 1746 qui
2480 1689 2487 1696 ·

165 1753 490 1841 proxime
541 1755 980 1824 Constantini
1028 1755 1124 1823 M.
1175 1766 1473 1825 aetatem
1527 1767 2075 1847 praecesserunt.

361 1900 694 1996 Quamvis
746 1899 984 1968 autem
1005 1901 1296 1992 Sopater
1341 1901 1545 1990 hujus
1578 1901 2063 1970 commentarii
2100 1913 2343 1970 auctor

170 1999 260 2066 sit
309 1997 694 2066 credendus
718 2052 738 2086 ,
785 2009 1021 2067 tamen
1040 2049 1061 2086 ,
1110 2010 1188 2067 ut
1219 2021 1431 2091 supra
1463 1999 1885 2086 memoravi,
1934 2020 2081 2066 non
2115 2000 2346 2089 ipsum

169 2095 750 2165 commentarium
815 2097 1114 2186 legimus
1132 2147 1152 2182 ,
1231 2099 1353 2165 sed
1420 2108 1750 2186 excerpta
1804 2107 2077 2164 tantum
2128 2113 2347 2192 eaque

167 2197 391 2262 multo
439 2195 897 2282 locupletiora
951 2195 1028 2261 in
1078 2195 1443 2283 Leidensi,
1515 2205 1725 2286 qnam
1780 2217 1959 2286 quae
2030 2195 2105 2260 in
2151 2195 2346 2261 Mon.
2470 2279 2481 2290 .

171 2301 558 2360 servantur.
643 2294 990 2382 Excerpta
1025 2303 1295 2362 tantum
1331 2294 1716 2382 superesse,
1764 2304 1916 2360 tum
1947 2292 2107 2362 inde
2135 2300 2347 2384 patet,

169 2391 354 2483 quod
403 2389 554 2479 ipse
606 2396 898 2481 Sopater
945 2392 1056 2460 bis
1106 2401 1304 2461 terve
1357 2387 1473 2479 (ad
1512 2393 1797 2463 Panath.
1845 2412 2003 2481 190,
2052 2391 2154 2479 B.,
2212 2409 2347 2456 no

167 2490 410 2575 Jehb.,
459 2489 651 2561 Orat.
701 2512 832 2579 pro
883 2490 1235 2587 Quat.111,
1279 2489 1442 2576 376,
1494 2492 1573 2556 A.
1607 2493 1693 2577 11,
1760 2490 1951 2583 229.)
2005 2487 2345 2555 tuminde

174 2588 362 2677 quod
425 2586 498 2652 in
548 2594 811 2681 Apogr.
859 2590 1051 2656 Mon.
1104 2588 1364 2677 passim
1432 2589 1545 2655 vel
1617 2588 1821 2655 initio
1890 2586 2003 2654 vel
2067 2587 2142 2652 in
2207 2584 2345 2651 fine

172 2684 432 2775 aliquid
493 2686 872 2757 desiderari
922 2686 1198 2776 punctis
1241 2683 1574 2752 indicavit
1602 2694 2007 2774 excerptor,
2057 2683 2129 2750 id
2162 2680 2348 2774 quod

173 2783 504 2871 religiose
553 2784 826 2855 servavi
886 2784 1014 2851 ubi
1059 2780 1423 2850 Werferus
1473 2782 1881 2867 indicasset,
1958 2792 2108 2849 tum
2162 2778 2347 2871 quod

171 2882 710 2971 wyttenbachio
757 2882 832 2946 in
881 2880 1228 2969 excerptis
1282 2890 1568 2947 notante
1615 2903 1758 2950 vox
1806 2878 2001 2976 φησὶ
2044 2880 2139 2946 ita
2181 2878 2346 2945 hinc

169 2977 332 3047 inde
367 3001 500 3068 per
543 2982 716 3049 haec
769 2980 1040 3047 scholia
1087 2978 1417 3065 occurrit,
1462 2988 1543 3045 ut
1574 2980 1807 3047 minus
1856 2977 2221 3046 commode
2271 2974 2347 3039 in

170 3078 398 3165 ipsum
449 3079 866 3169 scriptorem
886 3129 909 3164 ,
955 3098 1165 3167 quam
1217 3076 1292 3141 in
1343 3075 1491 3162 ejus
1538 3086 2012 3144 enarratorem
2028 3126 2049 3161 ,
2101 3074 2347 3142 cadere
2488 3148 2495 3159 ,

172 3196 376 3264 posse
431 3174 770 3244 videatur.
872 3171 1350 3266 Sophianam
1379 3174 1820 3242 scholiorum
1858 3174 1933 3238 in
1981 3170 2344 3239 Cod.·Bar.

175 3284 530 3341 auctorem
579 3274 784 3360 dicit,
836 3273 958 3364 qui
999 3269 1300 3355 confecit
1333 3272 1549 3339 Catal.
1578 3272 1866 3339 Barocc.
1908 3269 2066 3338 vide
2116 3290 2343 3357 supra.

177 3370 418 3460 Neque
468 3366 1020 3455 Menodotum,
1099 3392 1325 3459 neque
1401 3366 2007 3460 Metrophanem
2023 3419 2043 3454 ,
2122 3366 2241 3456 qui
2305 3388 2346 3433 a

176 3467 382 3534 Suida
431 3468 686 3536 dicitur
749 3462 1192 3560 ὑπόμνημα
1253 3466 1328 3531 in
1375 3466 1752 3534 Aristidem
1827 3464 2347 3553 conscripsisse,

179 3566 442 3633 scholia
487 3566 563 3632 in
617 3555 780 3637 Cod.
833 3567 1190 3635 Marciano
1243 3556 1634 3632 condidisse
1686 3562 2051 3631 Morellius
2094 3561 2348 3653 proba-

176 3663 316 3748 vit,
388 3663 476 3730 cf.
519 3664 725 3731 Fahr.
770 3664 850 3730 B.
901 3663 1024 3729 Gr.
1069 3666 1184 3747 VI,
1237 3664 1349 3727 33.
1466 3664 1690 3757 Quem
1744 3672 1975 3729 autem
2023 3657 2347 3727 Aristidis

89 3812 100 3815 -
177 3772 795 3829 commentatorem
858 3760 1195 3829 ineditum
1245 3758 1412 3827 dicit
1456 3762 1539 3824 D.
1572 3756 2147 3849 Wyttenbachius
2190 3755 2347 3822 Vita

177 3856 454 3925 Ruhnk.
506 3882 572 3948 p.
628 3880 762 3946 127
814 3880 991 3948 seq.,
1039 3855 1445 3928 ,lohannes
1479 3852 1909 3944 Siceliotes,
1958 3855 2019 3921 is
2059 3856 2347 3920 Hermo·

123 3990 137 4001 ·
180 3955 378 4041 genis
431 3967 794 4024 enarrator
841 3956 1097 4023 dicitur
1144 3958 1232 4023 ab
1283 3953 1441 4043 ipso
1494 3955 1915 4025 Ruhnkenio
1964 3953 2039 4017 in
2090 3950 2349 4018 Biblio·
2412 4038 2417 4041 ,

181 4054 432 4141 theque
481 4054 603 4121 des
655 4054 963 4121 seiences
1015 4063 1084 4120 et
1135 4054 1254 4121 des
1302 4054 1537 4121 beaux
1592 4062 1735 4119 arts
1788 4061 1837 4116 t.
1888 4050 2132 4135 XXIV,
2182 4050 2256 4115 P.
2297 4051 2349 4133 1,

181 4170 247 4235 p.
301 4154 460 4237 273.
531 4160 602 4219 et
649 4151 964 4221 Heidelb.
1009 4151 1266 4245 [Jahrb.
1322 4151 1489 4217 anni
1542 4151 1748 4224 1824.
1802 4148 1980 4216 Nov.
2032 4171 2098 4236 p.
2144 4144 2349 4221 1036.
