2802 4810
141 1394 498 1497 'ransmissis
539 1436 663 1516 jam
683 1432 780 1497 -ad
820 1436 1282 1504 moenum-um,
1339 1444 1651 1515 spectatae
1704 1432 2002 1497 comitatis
2044 1448 2109 1497 et

88 1536 376 1601 facilitatis
411 1540 616 1603 virum
653 1538 1093 1613 additamentis,
1137 1556 1296 1621 quae
1339 1554 1526 1619 supra
1552 1556 1627 1599 ex
1655 1537 1847 1601 Coddr
1875 1536 2104 1601 P‘ariss.

86 1638 238 1713 dedi,
280 1659 358 1703 en
397 1642 602 1705 subito
648 1644 1002 1707 laetissimus
1042 1665 1077 1704 a
1117 1641 1433 1705 Creuzero
1451 1688 1469 1717 ,
1514 1646 1592 1711 V.
1630 1645 1713 1704 D.
1757 1644 1973 1705 allatus
2016 1658 2109 1706 est

87 1744 342 1825 nuntius,
405 1745 580 1821 fore,
651 1759 720 1831 ut
769 1748 1052 1831 proxime
1111 1746 1382 1809 Jacobus
1426 1746 1709 1824 Geelius‚
1780 1746 2108 1829 professor

89 1848 391 1911 Leidensis
408 1898 429 1929 ,
491 1869 648 1931 quae
702 1854 836 1935 ipse
887 1872 962 1913 ex
1016 1849 1248 1913 Codice
1297 1851 1853 1933 praestantissimo,
1930 1854 2107 1931 cujus

87 1956 290 2035 passim
331 1954 524 2036 injeci
575 1954 981 2030 mentionem,
1053 1956 1495 2037 descripserat,
1560 1956 1637 2019 ad
1678 1975 1777 2016 me
1818 1955 2103 2019 mitteret.

85 2056 340 2121 Dederat
367 2072 570 2121 autem
600 2061 656 2121 J.
696 2060 966 2135 Geelius‚
1010 2060 1186 2121 nullo
1218 2046 1469 2119 omnino
1493 2058 1645 2122 mihi
1670 2059 1977 2121 beneficio
2001 2060 2107 2121 de-

87 2162 322 2239 vinctus,
370 2161 615 2225 litteras
641 2162 718 2225 ad
733 2163 1108 2227 Creuzerum
1124 2164 1239 2229 Vn
1273 2164 1577 2225 Csl.Nov.
1597 2166 2105 2242 MDcccxle‚

85 2266 286 2345 quibus
301 2288 382 2329 se
409 2267 836 2351 apographum
867 2287 944 2328 ex
977 2264 1130 2329 Cod.
1155 2266 1445 2331 Leidensi
1475 2266 1821 2330 confectum
1852 2266 1933 2329 ita
1958 2270 2109 2331 mihi

84 2390 500 2434 concessurum
547 2370 944 2457 significavit,
1007 2368 1206 2454 quasi,
1269 2388 1340 2432 re
1393 2366 1661 2456 integra,
1722 2392 1807 2433 ne
1860 2392 2108 2436 manum
2190 2431 2199 2456 ,

83 2475 310 2556 quidem
344 2497 614 2561 unquam
654 2477 801 2540 huic
860 2474 1039 2558 operi
1091 2475 1478 2540 admovisset.
1577 2475 1719 2566 Qua
1770 2477 1836 2538 iu
1886 2495 1959 2538 re
1999 2478 2109 2540 du-

81 2577 204 2640 bius
240 2579 530 2663 profecto
565 2581 818 2659 haereo,
859 2593 1066 2644 utrum
1093 2580 1286 2664 magis
1309 2579 1583 2642 admirer
1607 2580 1887 2644 eximiam
1912 2581 1977 2642 in
1998 2582 2105 2644 de·

84 2683 410 2746 scribendis
453 2685 550 2747 his
589 2683 842 2748 scholiis
882 2686 1353 2762 accurationem,
1397 2706 1476 2746 an
1517 2684 1809 2748 liberales
1844 2699 1905 2748 et
1929 2684 2105 2770 inge-

81 2807 227 2848 nuos
265 2789 747 2871 praeclarissimi
788 2789 994 2854 Geelii
1027 2807 1236 2850 mores
1295 2787 1705 2852 verecundius
1762 2790 2105 2873 suspiciam.

83 2894 398 2956 Rarissime
443 2896 610 2958 enim
651 2892 752 2970 fit,
795 2907 864 2954 ut
893 2893 1112 2955 doctus
1142 2892 1360 2978 aliquis
1395 2893 1657 2972 laboris,
1704 2897 1878 2975 cujus
1906 2891 2107 2977 ipsum

83 2995 317 3061 minime
358 2999 642 3084 oportuit
681 2997 1006 3080 poenitere
1022 3042 1040 3072 ,
1088 2998 1192 3081 qui
1237 3019 1421 3080 quam
1462 3000 1753 3061 molestus
1786 2999 1865 3061 sit
1903 3000 1967 3062 in
2007 3001 2109 3062 de·

83 3101 448 3180 scribendis,
490 3102 680 3164 immo
723 3101 886 3164 haud
928 3121 1074 3165 raro
1115 3102 1461 3164 divinandis
1512 3103 1927 3168 litterularum
1968 3127 2106 3168 eva·

79 3205 348 3268 nidarum
387 3207 698 3291 vestigiis,
755 3209 1104 3290 praeclare,
1151 3209 1260 3292 qui
1301 3208 1447 3270 huic
1468 3208 1581 3289 ,rei
1623 3211 1959 3272 accuratius
2000 3211 2111 3274 ali-

81 3311 310 3391 quando
345 3330 603 3395 operam
660 3325 995 3391 nevar-unt,
1060 3311 1288 3386 sciunt,
1344 3313 1481 3394 ejus
1532 3313 1768 3376 laboris
1818 3337 1993 3376 usum
2043 3327 2112 3376 ut

79 3413 312 3498 ignoto,
379 3419 512 3480 sola
563 3415 682 3482 'viri
743 3417 1000 3498 alicujus
1049 3415 1329 3500 primarii
1371 3418 1735 3481 auctoritate
1790 3431 2107 3500 permotus

52 3539 240 3581 ¹usum
281 3521 450 3584 ultro
491 3521 826 3604 permittat.
911 3521 1056 3583 Tibi
1098 3522 1318 3606 igitur,
1375 3521 1491 3582 tibi
1534 3522 1819 3604 inquam,
1882 3523 2108 3586 Claris-

80 3624 221 3685 sime
262 3625 474 3702 Geeli‚
547 3639 615 3688 ut
659 3627 842 3688 unice
884 3625 1210 3690 liberalem
1260 3629 1326 3688 in
1371 3625 1487 3688 hac
1528 3648 1599 3689 re
1652 3641 1713 3689 te
1753 3627 2113 3710 praebuisti,

79 3727 364 3816 quidquid
405 3751 500 3792 ex·
523 3730 620 3793 his
659 3729 1081 3794 additamentis
1119 3731 1521 3796 Leidensibus
1559 3733 1705 3796 huic
1730 3733 2111 3795 scholiorum

81 3834 137 3895 in
177 3836 510 3899 Aristidem
552 3835 807 3898 editioni
848 3835 1096 3898 decoris
1139 3837 1427 3911 accessit,
1469 3835 1683 3900 refero
1724 3851 2097 3920 acceptum·

237 3940 476 4030 Quodsi
519 3959 670 4003 vero
718 3941 816 4002 cui
847 3935 999 4004 hae'c
1041 3941 1449 4006 additamenta
1478 3925 1699 4006 'minusi
1736 3943 1985 4025 copiosa
2019 3940 2109 4004 vi-

87 4044 365 4118 deantur,
409 4047 462 4108 is
501 4044 655 4108 haec
695 4065 900 4108 secum
943 4046 1208 4126 cogitet:
1258 4067 1356 4106 me
1385 4045 1463 4108 ad
1488 4069 1669 4107 unam
1702 4065 1915 4108 omnes
1934 4067 2112 4108 enar-

88 4151 343 4213 rationes
396 4151 526 4214 sive
571 4168 646 4214 ex
695 4151 884 4212 Codd.
931 4171 1110 4213 mser.
1151 4150 1655 4228 Monacensibus,
1726 4149 2111 4214 Schellersh.
