2802 4810
407 289 558 342 18⁸1!
569 295 592 340 Ι

597 465 766 562 Quis
830 465 1062 534 antem
1119 464 1242 534 ine
1291 463 1600 553 ,Sopater
1652 464 2105 552 Apameensis
2170 463 2385 531 fuerit
2409 513 2431 551 ,
2480 467 2593 536 fa-

413 575 567 634 teor
609 585 726 631 me
772 563 1122 651 ignorare.
1215 559 1785 650 wyttenbachius
1834 561 1909 626 in
1940 561 2285 651 excerptis
2336 561 2599 632 stilum

415 663 614 749 hujus
641 661 1048 730 scholiastae
1081 661 1262 728 bene
1311 681 1641 750 graecum
1691 657 1856 728 dicit
1895 668 1965 726 et
2010 670 2169 727 ante
2202 661 2595 730 Justiniani

415 770 710 828 aetatem
758 757 1198 830 censendum.
1295 759 1453 824 Jam
1497 777 1673 826 'vero
1712 757 1837 824 uhi
1884 755 2069 824 idem
2096 755 2389 846 Sopater
2436 761 2601 829 fue-

415 857 505 926 rit
520 907 544 946 ,
591 857 677 926 de
723 879 864 948 quo
911 845 1156 922 suidas
1205 867 1284 923 et.
1321 855 1674 944 Eunapiu's
1691 907 1713 941 ‚
1780 877 1926 922 non
1970 857 2269 921 multum
2316 879 2359 922 a
2406 881 2595 928 vero

415 953 986 1044 wyttenbachius
1035 953 1316 1022 erravit.
1438 952 1713 1023 Etenim
1778 951 1929 1018 hini
1979 975 2021 1018 a
2070 952 2279 1023 Suida
2322 977 2597 1024 memo—

418 1061 786 1122 morantur
827 1051 1104 1139 Sopatri
1153 1053 1657 1141 Apameenses,
1728 1073 2027 1140 quorum
2074 1053 2253 1118 alter
2298 1054 2597 1124 Jambli·

419 1149 530 1220 chi
577 1149 950 1238 discipulus
998 1172 1042 1216 a
1073 1147 1531 1225 Constantino
1576 1149 1673 1216 M.
1725 1147 2168 1234 interfectus,
2216 1151 2419 1218 alter·
2446 1151 2602 1240 epi-

417 1258 766 1326 tomorum
814 1255 886 1316 et
935 1247 1222 1336 eclogae
1285 1268 1377 1315 ex
1436 1245 1793 1322 histo-‘cis
1858 1246 2215 1314 confectae
2292 1247 2435 1330 (cui
2482 1249 2595 1314 in·

419 1344 700 1415 fuerunt
729 1345 1063 1413 nonnulla
1095 1343 1276 1412 Aelii
1294 1343 1659 1430 Aristidis,
1706 1353 1882 1412 teste
1898 1343 2147 1412 photio
2182 1345 2593 1433 nomm,

348 1481 354 1490 -
421 1464 488 1533 p.
554 1464 586 1512 ι
601 1449 745 1531 77.)
797 1449 1042 1510 auctor
1087 1441 1305 1510 fuisse·
1349 1441 1666 1510 traditur.
1764 1443 1965 1507 mum
2014 1441 2204 1510 inter
2236 1453 2593 1532 praestan-

421 1539 725 1620 tissimos
772 1539 1118 1630 sophistas
1165 1549 1529 1608 enumerat
1563 1537 1915 1628 Eunapius
1978 1561 2045 1628 p.
2092 1551 2206 1616 24.
2246 1539 2351 1608 ed.
2382 1541 2594 1609 Gom-

425 1639 583 1706 mel.
631 1632 1056 1732 Σῶπατρος
1107 1632 1152 1710 ὁ
1183 1637 1272 1709 ἐκ
1303 1633 1638 1730 Συρίας,
1688 1630 2048 1719 Αἰδὲσιος
2063 1690 2088 1724 ,
2132 1631 2595 1722 Εὐστάθιος

419 1735 508 1808 ἐκ
539 1730 1129 1823 Καππαδοκίας,
1175 1735 1267 1808 ἐκ
1311 1738 1441 1824 τῆς
1478 1729 1863 1818 εΕ’λλάδος
1896 1729 2295 1830 Θεόδωρός
2333 1761 2411 1808 τε
2442 1739 2597 1810 καὶ

421 1827 872 1928 Εὑφράσιος
886 1886 911 1922 ,
979 1854 1156 1924 quos
1205 1833 1643 1903 Constantini
1689 1833 1935 1922 Mag-ni
1996 1845 2217 1902 aetate
2270 1835 2595 1904 floruisse

424 1933 718 2002 constat.
833 1933 1035 2002 Hunc
1090 1933 1461 2022 Sopatrum
1508 1931 2180 2020 Prolegomenorum
2230 1943 2596 2001 auctorem

421 2027 590 2098 dicit
633 2029 986 2098 Neseelius
1048 2029 1123 2097 in
1171 2029 1384 2096 Catal.
1435 2028 1737 2097 Vindob.
1788 2029 1954 2097 cod.
2025 2051 2160 2097 nro
2206 2030 2455 2115 CXVI,
2516 2053 2595 2119 p.

429 2147 565 2214 71„
609 2125 968 2198 dubitante
1013 2127 1374 2213 Fabricio,
1423 2124 1512 2193 cf.
1558 2127 1738 2196 Bihl.
1789 2147 1896 2216 gr.
1940 2127 2092 2196 Vol.
2142 2128 2264 2213 VI,
2323 2129 2431 2198 18.
2485 2129 2595 2198 ed.

421 2224 504 2294 H.
553 2234 624 2298 et
681 2247 752 2315 p.
807 2222 920 2292 25.
1031 2223 1513 2292 Similitudinis
1560 2235 1791 2292 autem
1839 2223 2101 2314 aliquid
2162 2225 2348 2292 inter
2397 2225 2598 2296 libol-

420 2321 567 2390 lum
612 2323 786 2419 περὶ
837 2317 1258 2417 διαιρέσεως
1306 2315 1805 2417 ζητημάτων,
1854 2322 1975 2412 qui
2008 2321 2283 2413 Sopatri
2330 2345 2593 2394 nomen

295 2426 298 2432 '
421 2418 604 2489 inter
649 2424 853 2490 Rhet.
903 2422 1129 2491 Aldin.
1177 2443 1346 2510 prae
1395 2442 1473 2489 se
1506 2423 1696 2507 fert,
1744 2431 1813 2489 et
1856 2420 2396 2509 prolegomena,
2458 2444 2593 2492 nec

423 2538 567 2587 non
615 2519 910 2606 scholia,
994 2518 1382 2605 neminem,
1462 2518 1586 2610 qui
1633 2528 1898 2587 attento
1962 2518 2197 2587 animo
2254 2522 2593 2609 perlegat,

421 2616 774 2703 praeterit.
870 2618 1363 2706 Praeterquam
1410 2618 1597 2685 enim
1646 2616 1834 2706 quod
1882 2615 2199 2683 rabulam
2254 2638 2364 2704 se,
2452 2614 2597 2690 τὸν

421 2708 716 2801 ἥττονα
775 2710 1028 2806 λόγον
1089 2710 1407 2809 κρείττω
1478 2712 1781 2781 faciundi
1808 2751 1817 2760 ·
1844 2713 2348 2803 peritissimum
2410 2725 2595 2784 uter-

422 2830 560 2902 que
609 2822 853 2881 auctor
897 2814 1227 2903 praebet,
1297 2814 1413 2881 vel
1461 2810 1615 2901 ipsa
1665 2833 1809 2879 vox
1854 2806 2361 2906 κατόρθωμα
2384 2866 2412 2903 ,
2476 2815 2592 2882 eui

421 2908 510 2975 ad
555 2908 930 2981 Aristidem
978 2908 1326 2977 scholiast.
1364 2909 1452 2977 ad
1484 2910 1766 2977 Panath.
1810 2912 1985 2996 323,
2036 2910 2111 2975 C.
2146 2910 2375 2998 Cant„
2430 2910 2591 2979 185.

421 3004 626 3075 Jebb.
693 3028 782 3075 ex
835 3005 1143 3096 Longini
1191 3006 1597 3076 auctoritate
1639 3007 2114 3096 patrocinatur
2190 3010 2593 3099 (Longinus

421 3102 739 3173 laudatur
783 3103 954 3173 item
1001 3103 1080 3171 in
1123 3104 1400 3194 Proleg.
1452 3114 1524 3173 et
1567 3105 1735 3172 alibi
1768 3104 1843 3169 in
1871 3106 2123 3194 schol.)
2137 3154 2157 3191 ,
2203 3126 2349 3173 non
2380 3106 2595 3174 modo

419 3201 494 3267 in
543 3202 712 3291 ipsis
761 3202 1039 3293 Proleg.
1057 3250 1082 3288 ‚
1126 3202 1250 3269 sed
1297 3203 1687 3273 sexcenties
1735 3201 1813 3269 in
1860 3203 2047 3272 libro
2098 3202 2183 3271 de
2236 3197 2597 3299 διαιρέσει

419 3296 578 3385 ζητ.
629 3298 898 3371 ocurrit
941 3322 1012 3369 v.
1063 3320 1172 3389 gr.
1229 3321 1296 3389 p.
1351 3302 1528 3388 287,
1566 3300 1694 3368 26.
1746 3311 2027 3391 quater,
2074 3301 2255 3387 288,
2322 3313 2595 3393 quater,

423 3397 600 3487 329,
657 3397 744 3464 15
795 3397 846 3467 f.
895 3399 1076 3485 532,
1126 3396 1274 3483 bis,
1327 3398 1489 3483 554,
1539 3408 1669 3485 ter,
1722 3400 1885 3483 541,
1930 3408 2062 3484 ter,
2110 3398 2400 3467 totidem
2430 3420 2596 3489 pag.

299 3553 306 3575 ,
423 3494 602 3579 542,
672 3496 845 3581 345,
927 3497 1100 3579 451,
1188 3510 1272 3562 η
1337 3506 1501 3565 sunt
1566 3490 1906 3589 δυστυχῆ
1966 3491 2591 3591 κατορθώματα.

417 3587 734 3661 Eandem
778 3614 1020 3661 vocem
1072 3604 1497 3682 usurparunt
1544 3606 1775 3663 autem
1822 3606 2099 3684 praeter
2147 3596 2593 3663 Plutarchum

417 3687 668 3769 (Aloib.
713 3690 783 3777 1,
851 3690 1064 3775 XIV.)
1077 3740 1098 3777 ,
1161 3689 1411 3777 Stoici,
1480 3691 1601 3783 qui
1651 3704 1843 3762 recte
1897 3692 2077 3759 facta
2150 3692 2247 3761 sic
2294 3694 2595 3783 appella-

412 3795 616 3873 runt,
686 3788 828 3855 Cic.
875 3787 1115 3859 Parnd.
1169 3790 1260 3858 111
1274 3838 1297 3876 ,
1377 3788 1457 3857 in
1505 3790 1779 3879 Proleg.
1844 3791 2058 3859 semel
2124 3790 2387 3881 legitur
2451 3790 2591 3859 fol*

417 3882 610 3958 mula
657 3878 792 3956 ἀπ’
830 3878 1075 3981 ἀρχῆς
1103 3881 1288 3983 ἄχρι
1317 3882 1623 3976 τέλους,
1675 3910 1887 3979 quam
1920 3886 1998 3955 in
2025 3886 2213 3958 libro
2234 3888 2334 3958 de
2362 3882 2589 3981 διαιρ.

414 3978 484 4065 ζ.
531 4001 944 4076 unaquaque
997 3984 1149 4054 fere
1192 3986 1453 4076 pagina
1498 3986 1611 4054 bis
1660 3996 1857 4056 terve
1904 3985 2109 4075 legis.
2204 3988 2285 4055 In
2311 3987 2587 4074 Pmleg.

415 4087 489 4144 et
539 4081 820 4155 scholiis
846 4082 1257 4183 plerumque
1285 4083 1778 4163 Demosthenis
1813 4084 2147 4174 Leptinen
2194 4094 2265 4153 et
2284 4084 2591 4159 Midiam
