2802 4810
455 351 522 398 lV

451 523 701 612 pietate
748 509 1143 588 colebamus
1159 567 1179 603 ,
1239 537 1437 584 suum
1468 521 1943 608 apographum
1984 517 2383 606 descripsit,
2432 517 2611 584 raris

453 621 612 686 hinc
662 617 824 684 inde
871 614 1119 682 additis
1160 615 1757 683 emendationibus
1786 618 1897 683 vel
1932 614 2388 702 mnjecturiS,
2435 636 2615 704 quas

453 740 578 786 suo
629 737 971 807 quamque
1022 715 1178 780 loco
1231 722 1646 778 memoratas
1698 711 2029 780 invenies.
2126 715 2283 792 Jam
2327 713 2450 781 ubi
2500 712 2620 778 tri-

454 815 793 882 stissimus
840 813 959 877 ille
1011 809 1292 876 nuntius
1341 810 1429 876 ad
1478 829 1605 876 nos
1655 811 1898 876 allatus
1951 820 2089 896 est,
2150 809 2546 878 Werferum
2580 831 2621 875 e

423 912 596 981 ‘vita
645 909 1062 992 decessisse,
1138 909 1522 975 Creuzerus
1598 905 1924 975 Codicem
1975 907 2226 974 Schell.
2273 907 2623 992 Monacio,

459 1021 596 1098 quo
659 1011 814 1074 loco
876 1002 919 1074 ὁ
971 1000 1245 1098 μάκαρ
1309 1004 1451 1072 suis
1519 1005 1950 1093 temporibus
2022 1013 2173 1070 erat
2234 1003 2625 1086 defunctuS,

459 1105 993 1192 Heidelbergam
1060 1101 1321 1171 remitti
1371 1101 1608 1189 jussit,
1678 1101 2049 1168 remissum
2102 1099 2273 1165 mihi
2320 1101 2627 1184 tradidit,

459 1211 536 1271 ut
579 1201 936 1290 negotium
985 1223 1028 1266 a
1075 1199 1393 1268 Werfero
1446 1209 1714 1266 tantum
1763 1221 1908 1264 non
1960 1196 2291 1266 affectum
2338 1199 2631 1265 confice-

411 1361 414 1372 .
459 1321 632 1368 rem.
727 1296 1002 1364 Addidit
1047 1296 1154 1363 his
1205 1295 1670 1386 amplissimus
1698 1295 1823 1360 Vir
1865 1315 1999 1384 pro
2046 1316 2169 1362 sua
2217 1295 2291 1360 in
2340 1293 2631 1381 juvenes

461 1398 848 1464 litterarum
914 1393 1255 1461 studiosos
1316 1393 1732 1460 liberalitate
1792 1392 2194 1482 Apographi
2260 1395 2635 1459 Monacen-

465 1495 559 1564 sis
609 1495 998 1581 exemplar,
1047 1491 1354 1579 itemque
1404 1500 1730 1579 excerpta
1779 1512 1867 1555 ex
1917 1491 2081 1557 Cod.
2129 1489 2483 1574 Leidensi,
2552 1489 2633 1552 in
2686 1518 2693 1526 ·

355 1613 364 1638 ⁸
463 1611 603 1681 quo
656 1587 810 1678 ipsi,
859 1611 1018 1655 eum
1048 1587 1299 1654 Leidae
1334 1598 1537 1671 esset,
1590 1587 1810 1653 multo
1846 1590 2048 1676 plura
2087 1609 2292 1676 quam
2319 1586 2395 1651 in
2428 1586 2633 1652 editis

463 1687 604 1776 legi
655 1690 739 1752 D.
776 1684 1350 1773 wyttenbachius
1387 1683 1744 1750 affirmans
1800 1687 2277 1773 apographum
2319 1683 2463 1770 ejus
2507 1685 2639 1749 Co-

465 1785 636 1851 dicis
687 1782 774 1850 ad
821 1781 1330 1871 excerpendum
1371 1780 1724 1870 permisit3
1774 1803 1937 1848 casu
1980 1781 2277 1871 denique
2329 1781 2638 1848 secundo

464 1879 782 1948 Aristidis
835 1881 1192 1968 exemplar
1244 1879 1349 1945 ed.
1393 1879 1595 1944 Jebb.
1624 1927 1642 1962 ‚
1736 1899 1876 1968 quo
1923 1901 2091 1946 usus
2139 1878 2641 1946 Valckenarius

468 1979 555 2044 ad
605 1997 799 2046 oram
864 1999 954 2044 ex
1017 1977 1264 2044 eodem
1307 1975 1632 2042 Leidensi
1680 1978 1889 2044 Mscr.
1958 1976 2219 2044 scholia
2292 1974 2475 2044 edita
2522 1975 2643 2042 vel

470 2073 862 2142 emendavit
910 2073 1022 2140 vel
1071 2072 1553 2160 locupletavit,
1599 2073 1675 2140 in
1728 2075 2051 2140 Creuzeri
2106 2095 2351 2156 manus
2402 2095 2649 2161 perve-

471 2180 691 2238 nerat.
749 2171 1057 2264 -Quibus
1077 2170 1396 2265 ppibus
1387 2169 1805 2238 instructum
1853 2171 1983 2238 etsi
2013 2171 2411 2272 Werferum
2446 2172 2649 2237 scho-

471 2270 598 2354 lia,
655 2283 866 2357 quas
853 2247 1396 2356 mendosissime
1431 2271 1787 2357 nntltpque
1818 2269 2144 2355 segniore
2174 2258 2377 2353 cura',
2432 2289 2647 2356 quam

473 2387 600 2455 par
643 2374 836 2449 erat,
886 2365 1068 2439 edita
1117 2374 1503 2469 queruntur
1549 2367 1939 2436 Hemsterh.
1990 2366 2076 2433 ad
2124 2365 2298 2433 Plut.
2350 2388 2417 2454 p.
2478 2363 2645 2431 206.

475 2475 545 2531 et
591 2464 810 2531 Hoen.
855 2462 954 2533 ad.
967 2440 1222 2551 ἐξῆρε..
1233 2444 1734 2551 Cor-⁹1).755.
1772 2464 1875 2529 ed.
1925 2463 2231 2549 Schaefi,
2280 2466 2494 2551 longe
2526 2484 2653 2551 po-

473 2560 708 2627 litiora
737 2558 1082 2661 editurum
1117 2560 1396 2653 fuisso„
1416 2560 1587 2638 satis
1633 2560 1805 2625 mihi
1843 2582 2247 2649 persuasum
2286 2562 2649 2642 haberem,

479 2658 790 2723 oblatum
839 2636 1112 2728 ticinen.
1127 2648 1380 2729 munitis
1377 2652 1627 2731 malui
1677 2680 2019 2725 recusare.

673 2800 999 2868 Collectis
1048 2800 1265 2889 igitur
1308 2822 1397 2866 ex
1453 2800 1697 2866 Photio
1751 2803 2030 2869 scholiis
2079 2812 2149 2869 et
2195 2824 2653 2892 quaecunque

481 2897 556 2962 in
603 2898 912 2965 Palatino
962 2898 1136 2965 Nro.
1184 2912 1318 2992 129
1370 2896 1701 2985 indagare
1752 2900 1944 2986 potui
1994 2900 2155 2966 satis
2200 2900 2478 2989 quidem
2508 2900 2651 2964 illis

481 2992 830 3079 tenuibus,
880 2994 1278 3061 sed-tamen
1307 2992 1417 3079 iis,
1467 3016 1641 3084 quae
1670 3018 1813 3061 non
1845 2996 2234 3084 spernenda
2267 2997 2653 3079 crederem,

484 3090 801 3179 protinus
849 3092 1214 3160 doctorum
1285 3092 1635 3177 virorum,
1716 3092 2114 3178 Abreschii,
2188 3094 2655 3178 Valckenarii,

483 3186 1031 3275 Wyttenbachii,
1118 3198 1186 3255 et
1247 3188 1368 3277 qui
1434 3192 1563 3255 hos
1635 3200 1854 3257 aetate
1928 3202 2479 3275 antecesserunt,
2564 3194 2653 3255 D.

485 3284 792 3369 Erasini,
841 3286 918 3351 F.
958 3284 1226 3371 Ursini,
1276 3287 1352 3351 L.
1379 3286 1759 3375 Holstenii,
1808 3290 1891 3353 H.
1923 3287 2203 3374 Valesii,
2253 3310 2427 3377 quos
2456 3292 2657 3355 scho-

486 3380 602 3449 liis
647 3381 926 3449 ineditis
973 3403 1138 3449 usos
1190 3404 1277 3449 ex
1326 3394 1522 3471 parte
1572 3384 1926 3452 Fabricius
1963 3386 2140 3451 Bibl.
2180 3408 2288 3475 gr.
2323 3385 2460 3471 jam
2495 3386 2657 3452 edo-

493 3490 765 3566 cuerat,
849 3502 1062 3569 opera
1119 3483 1530 3567 pervolvere
1580 3482 1866 3548 institui.
1978 3484 2085 3549 Ex
2156 3504 2292 3573 qua
2356 3482 2660 3551 lectione

493 3574 660 3663 quid
700 3576 876 3646 lucri
927 3576 1212 3646 fecerim
1236 3626 1254 3663 ,
1305 3580 1441 3645 huc
1492 3578 1851 3668 adponam.

687 3718 1144 3791 Desiderius
1177 3716 1577 3809 Erasmus,
1627 3746 1787 3791 cum
1824 3727 2125 3794 Venetae
2158 3737 2360 3812 esset,
2404 3749 2447 3793 a
2480 3726 2661 3795 viris

494 3815 715 3885 doctis
766 3840 1002 3887 secum
1051 3820 1595 3889 communicatos
1634 3822 1875 3889 habuit
1920 3825 2378 3912 plurimorum
2424 3834 2663 3893 aucto-

495 3936 652 3981 rum
703 3915 914 3985 Codd.
940 3917 1191 4001 Mser„
1241 3916 1316 3981 in
1346 3916 1456 3985 his
1487 3928 1733 3989 totum
1762 3921 2186 3993 Aristidem
2226 3942 2401 3993 eum
2434 3920 2665 3993 scho-

492 4011 619 4092 lus
671 4013 789 4097 (cf.
839 4015 1055 4104 Adag.
1106 4012 1266 4081 chil.
1327 4016 1411 4101 ΙΙ,
1458 4026 1636 4083 cent.
1696 4038 1767 4183 16,
1816 4040 1974 4109 pag.
2026 4020 2253 4107 3600,
2306 4042 2482 4111 quae
2532 4022 2663 4087 mi-

497 4109 686 4181 nime
735 4110 1239 4183 contemnenda
1287 4111 1518 4201 duxit,
1567 4117 1665 4203 (1,
1717 4114 1801 4204 6,
1864 4140 1931 4272 p.
1986 4125 2175 4209 209).
2303 4120 2663 4190 Nonnulla
