2802 4810
2268 339 2347 410 ιρι

353 517 510 585 Jam
559 535 728 584 vero
777 513 1208 622 κολοφῶνα
1255 511 1633 605 swithun»,
1682 539 1773 585 ne
1820 517 1949 589 tibi
1988 516 2069 585 in
2116 537 2193 583 re
2226 539 2350 604 per

171 639 264 686 se
313 615 458 706 jam
507 614 672 683 satis
717 609 1029 682 molesta
1069 635 1394 682 nauseam
1454 614 1565 682 his
1629 615 2015 706 quisquiliis
2079 635 2347 682 creem·
2330 663 2350 697 ,

172 718 326 784 hoc
376 735 594 782 unum
642 713 944 802 probare
995 713 1222 781 studui
1270 711 1552 798 lectori,
1605 735 1819 802 penes
1852 713 2171 780 Photium
2206 733 2351 779 non

171 813 428 881 omnia
491 811 674 880 inter
739 809 1000 878 scholia
1061 809 1383 900 ponenda
1446 831 1601 880 esse
1662 833 1839 902 quae
1902 809 2149 878 scholii
2202 829 2349 898 spe-

170 913 370 979 ciem
419 919 688 998 gerant.
755 967 766 980 ,

385 1011 463 1072 In
484 1027 708 1095 marg.
729 1003 908 1077 Cod.
929 1001 1675 1094 Schellershemiam‘,
1726 1029 1935 1097 quem
1957 1006 2077 1072 ubi
2094 1004 2349 1092 justam
2392 1047 2399 1067 .

174 1104 506 1190 Aristidis
525 1103 904 1178 editionem
919 1103 1300 1190 instituam,
1320 1104 1661 1192 prolixius
1678 1103 2151 1192 descripturus
2172 1123 2349 1189 sum,

173 1205 430 1272 insunt
487 1202 748 1270 scholia
766 1250 787 1286 ,
857 1201 1012 1289 plus
1055 1199 1375 1270 minusve
1434 1202 1527 1268 ab
1577 1201 1775 1272 editis
1820 1213 2025 1292 atque
2070 1199 2350 1268 ineditis

175 1301 460 1368 diversa
476 1350 500 1387 ,
560 1299 782 1367 nihilo
831 1297 995 1376 hinc
1039 1297 1238 1384 inde3
1318 1301 1654 1366 nonnulla
1702 1301 1888 1368 solus
1936 1301 2349 1366 Schellersh.

179 1399 512 1466 servavit.
587 1397 792 1464 Haud
818 1417 980 1465 raro
1017 1407 1246 1464 autem
1282 1419 1372 1464 ex
1408 1395 2023 1486 grammaticorum
2052 1396 2351 1484 scriptis,

181 1496 250 1562 si
287 1496 454 1585 quid
501 1493 916 1584 descriptori
961 1504 1082 1560 aut
1121 1493 1360 1562 nescio
1408 1495 1523 1561 cui
1570 1495 1817 1564 lectori
1868 1495 2113 1576 (multa
2163 1493 2351 1560 enim

89 1611 96 1616 ·
180 1617 226 1658 a
261 1611 408 1660 rec.
443 1617 536 1659 m.
587 1592 930 1682 adscripta
979 1599 1170 1674 sunt)
1238 1595 1421 1662 male
1468 1591 1897 1660 intellectum
1946 1591 2187 1677 fuerit,
2232 1591 2351 1657 ali-

181 1690 356 1780 quid
403 1690 480 1758 in
525 1689 918 1780 marginem
966 1690 1308 1778 migrasse
1355 1689 1701 1778 arbitror,
1742 1713 1811 1760 v.
1844 1714 1953 1781 gr.
1988 1684 2351 1783 Ἀμαθῶς

179 1789 282 1873 11,
352 1811 420 1877 p.
462 1791 654 1875 304,
709 1788 911 1858 Jebh.
932 1838 952 1874 ,
1023 1787 1136 1855 cui
1201 1788 1749 1876 suprascriptum
1805 1799 1911 1856 est
1972 1789 2047 1853 in
2096 1787 2348 1854 Schell.

180 1881 714 1974 ἀνεξετάστως,
762 1888 1050 1978 omnino
1081 1907 1172 1952 ex
1208 1885 1525 1954 doctrina
1552 1889 1857 1954 Thomae
1886 1888 2073 1974 Mag.
2112 1907 2179 1972 p.
2214 1887 2325 1975 39.
2308 1933 2351 1970 .‚

179 1993 234 2049 t.
297 1987 392 2071 11,
469 2006 628 2074 pag.
683 1983 844 2050 316.
907 1978 1447 2072 Συνειστήκοι,
1526 1983 1603 2048 in
1651 1984 1901 2050 Schell.
1966 1983 2353 2071 explicatur

180 2074 573 2176 γνώριμος
619 2079 772 2169 είη,
831 2092 926 2149 tu
973 2085 1132 2171 lege
1181 2084 1308 2150 Th.
1357 2084 1453 2149 M.
1507 2103 1559 2151 s,
1612 2104 1677 2149 v.
1728 2076 2205 2152 Συνίσταται
2254 2117 2351 2132 —-

183 2179 328 2253 καὶ
379 2175 836 2252 συνίσταταί
881 2206 990 2264 τις
1041 2177 1188 2250 τινὶ
1231 2174 1411 2250 ἀντὶ
1444 2177 1590 2250 τοῦ
1624 2174 2013 2275 γνώριμος
2038 2175 2351 2269 γίνεται,

185 2265 291 2348 οὗ
343 2275 432 2348 τὸ
485 2273 972 2371 &noym-mov
1021 2274 1432 2371 συνίστημι
1476 2317 1574 2329 —-
1638 2277 1883 2348 ultima
1928 2301 2069 2346 vox
2114 2277 2191 2342 in
2239 2277 2351 2346 his

185 2376 472 2445 scholiis
521 2372 773 2467 λόγγα
823 2377 1208 2467 explicatur
1256 2376 1330 2443 in
1378 2377 1627 2445 Schell.
1682 2371 1857 2465 ἤτοι
1896 2369 2161 2462 κλωζω
2178 2430 2201 2464 ,
2262 2375 2349 2443 cf.
2448 2450 2455 2457 ,

181 2476 310 2541 Th.
353 2476 450 2543 Μ.
516 2498 585 2565 Ρ.
639 2474 800 2543 585.
916 2476 1098 2551 Nolo
1145 2478 1386 2564 plura3
1444 2475 1609 2543 satis
1656 2486 1928 2543 constat
1976 2476 2163 2541 inter
2211 2496 2351 2542 om-

186 2592 312 2639 nes
359 2572 732 2641 Aristidem
779 2582 1050 2641 tantum
1095 2574 1280 2662 apud
1303 2575 1429 2639 Th.
1455 2575 1552 2639 M.
1589 2573 1999 2657 auctoritate
2030 2571 2351 2657 valuisse,

183 2679 264 2735 ut
309 2671 618 2759 qualibet
673 2672 822 2739 fere
885 2672 1142 2761 pagina
1203 2692 1364 2738 eum
1436 2672 1816 2740 obtestatus
1872 2672 1981 2739 sit.
2110 2670 2351 2760 Neque

184 2776 420 2835 tamen
466 2768 752 2837 Aristidi
803 2768 1086 2835 fortuna
1131 2769 1477 2857 pepercit,
1540 2770 1711 2858 quin
1764 2768 1899 2859 ipsi
1957 2790 2085 2858 per
2132 2768 2355 2835 homi-

184 2886 358 2931 num
423 2866 858 2935 oscitantiam
923 2868 1036 2934 vel
1103 2866 1578 2955 ignorantiam
1651 2866 1989 2953 ejusmodi
2059 2867 2353 2955 explica-

185 2962 414 3031 tiones
457 2964 814 3033 intrudere
857 2974 1247 3033 conaretur.
1301 2982 1320 3011 ¹
1363 2968 1587 3033 Immo
1637 2988 1809 3033 vero
1859 2964 2175 3051 intrusit,
2239 2988 2352 3031 ex-

185 3063 400 3147 pulsa
448 3062 754 3151 genuina
819 3063 1166 3151 sophistae
1219 3065 1456 3152 prole,
1521 3086 1697 3153 quae
1742 3075 2141 3151 temporum
2190 3061 2351 3129 dein

185 3158 486 3227 decursu
534 3159 750 3227 veluti
797 3153 1274 3254 ἐκκὴρυκτος
1325 3162 1400 3227 in
1448 3162 1920 3250 marginibus,
1970 3160 2159 3227 foras
2196 3182 2352 3248 pro·

185 3253 362 3340 jecta
381 3305 401 3342 ,
467 3258 682 3325 vitam
731 3260 950 3326 aleret
997 3270 1118 3327 aut
1179 3282 1317 3325 una
1367 3277 1527 3326 cum
1578 3257 1982 3327 adulterinis
2033 3258 2351 3347 antiquas

187 3374 466 3443 easque
491 3376 620 3423 suo
673 3356 863 3423 sibi·
841 3378 990 3453 Jure
1020 3358 1284 3426 debitas
1337 3358 1535 3425 sedes
1582 3356 1947 3447 reciperet.
2049 3354 2351 3444 Optimis

184 3452 556 3521 codicibus
605 3454 790 3521 inter
820 3475 896 3522 se
927 3455 1443 3524 accuratissime
1478 3453 1917 3523 conferendis
1954 3474 2039 3519 eo
2072 3452 2349 3520 demum

179 3562 596 3637 perventum
647 3551 755 3617 iri
785 3552 1128 3640 arbitror,
1205 3563 1284 3619 ut
1333 3554 1707 3637 Aristides,
1790 3550 1912 3641 qui
1964 3552 2053 3618 ab
2100 3552 2349 3619 ultimo

182 3647 488 3736 editore,
568 3650 749 3717 Sam.
819 3650 1113 3736 Jebhio,
1191 3674 1337 3718 non
1401 3650 1787 3739 levissimas
1852 3652 2093 3739 plagas
2160 3670 2351 3715 acce-

181 3744 318 3832 pit,
371 3768 534 3815 eum
585 3746 902 3837 pro-fecto
943 3749 1214 3836 Jebbii,
1267 3760 1511 3839 utpote
1557 3748 1843 3835 medici,
1908 3769 2153 3816 sanare
2206 3749 2351 3829 vul·

182 3866 356 3911 nera
409 3845 689 3931 fuisset,
768 3866 912 3913 non
965 3845 1317 3937 infligere,
1394 3856 1809 3937 repurgatus
1872 3856 1942 3913 et
2004 3847 2091 3911 ab
2156 3844 2351 3912 omni

183 3953 380 4028 parte
419 3955 704 4013 sanatus
751 3942 830 4008 in
879 3945 1236 4032 publicum
1282 3945 1657 4015 emittatur.
1754 3942 2109 4033 Ejusmodi
2161 3964 2351 4010 cura-

183 4037 412 4109 tiones
485 4041 815 4131 equidem·
865 4042 1014 4131 ipse
1061 4066 1192 4133 pro
1260 4055 1459 4134 parte
1525 4042 1715 4112 virili
1760 4043 1925 4109 hinc
1982 4040 2145 4111 inde
2194 4062 2347 4107 sum

189 4149 480 4209 conatus
519 4139 923 4223 instituere,
986 4166 1050 4208 v.
1081 4164 1188 4231 gr.
1219 4142 1306 4211 de
1330 4166 1504 4213 voce
1527 4138 1862 4227 ἐκβολὴ,
1938 4141 2101 4207 Pan.
2134 4162 2199 4229 p.
2255 4160 2343 4228 9²
