2802 4810
2358 389 2401 434 V

238 579 328 622 ex
377 556 484 624 his
551 545 846 626 scholiis
903 558 1139 626 eadem
1191 580 1341 626 esse
1394 563 1504 626 vel
1574 583 1731 628 curn
1800 561 1997 658 editis
2062 564 2173 629 vel
2248 585 2405 629 cum

235 651 551 740 ineditis,
612 657 734 722 ubi
783 657 944 724 huic
993 655 1099 724 rei
1145 657 1340 724 locus
1385 657 1551 744 erit,
1601 662 1935 730 lectorem
1982 662 2307 728 monebo.

430 769 749 848 Fulvius
802 773 1170 864 Ursinus,
1216 779 1400 845 hunc
1438 778 1855 848 scholiasten
1888 801 2135 866 mser„
2196 801 2403 872 quern

229 871 487 940 vetusti
534 873 816 942 nornine
869 885 1112 960 ornat,
1174 875 1300 958 (ad
1347 887 1529 964 poet.
1594 877 1729 964 lyr.
1795 900 1861 968 p.
1916 886 2155 965 3073,
2222 879 2402 966 apud

233 990 309 1034 se
357 968 572 1038 fuisse
619 979 912 1040 testatur
975 980 1076 1060 (p.
1131 982 1340 1056 302),
1420 996 1509 1040 ex
1578 973 1743 1040 Cod.
1811 973 2139 1042 Vaticano
2221 975 2401 1044 forte

231 1077 672 1155 excerptum,
723 1090 898 1159 quos
941 1069 1306 1138 vaticanos
1355 1071 1819 1157 perlustrasse
1870 1082 1939 1139 et
1989 1072 2253 1140 scholia
2302 1071 2401 1136 in-

230 1162 318 1230 de
369 1164 818 1258 descripsisse
868 1165 1230 1258 profitetur
1277 1191 1346 1258 p.
1387 1169 1561 1254 518,
1609 1168 1731 1236 ubi
1784 1168 2149 1260 egregium
2182 1171 2395 1240 schol.

229 1261 496 1350 platon.

422 1379 688 1476 Lucas
735 1383 1186 1456 Holstenius
1247 1385 1417 1452 item
1486 1407 1573 1451 ex
1620 1385 1959 1454 Vaticano
2026 1389 2395 1473 excerpsit,

230 1501 407 1568 quae
456 1480 760 1568 prodidit
808 1482 894 1549 ad
937 1483 1168 1571 Steph.
1218 1503 1274 1550 s.
1323 1505 1390 1550 v.
1438 1475 1639 1566 Σάϊς
1688 1505 1756 1572 p.
1790 1503 1949 1570 277.
2049 1485 2203 1580 Quo
2236 1503 2395 1550 'cum

229 1577 548 1645 scholion
589 1577 924 1647 ineditum
967 1579 1041 1644 in
1083 1579 1657 1648 panathenaicum
1714 1581 2101 1648 orationem
2150 1579 2394 1648 edidis-

229 1685 368 1759 set,
431 1673 616 1742 addit
664 1675 740 1742 in
784 1678 1004 1746 calce:
1078 1677 1245 1744 Cod.
1307 1699 1517 1744 mser.
1581 1677 1797 1744 Vatic.
1854 1677 2062 1762 ¹1415.
2184 1678 2393 1746 Dolet

69 1819 90 1842 .
219 1782 454 1840 autem
483 1775 666 1840 hunc
698 1773 1172 1842 doctissimum
1194 1773 1437 1840 Virum
1470 1775 1671 1864 plura
1694 1775 1946 1850 addere
1978 1771 2391 1862 neglexisse,

227 1891 388 1934 cum
436 1871 915 1960 opportunitas
969 1870 1112 1957 ejus
1161 1871 1264 1938 rei
1295 1872 1453 1966 plus
1492 1873 1708 1939 semel
1755 1871 2127 1957 adfuisset,
2179 1893 2244 1936 v.
2282 1892 2391 1960 gr.

225 1990 296 2054 p.
350 1967 486 2035 280
542 1967 627 2036 de
674 1969 1195 2036 Samothracum
1255 1978 1486 2058 gente.
1611 1970 1841 2038 Morte
1893 1969 2221 2058 abreptus
2272 1990 2389 2057 po-

215 2075 372 2150 ‚stea
418 2067 600 2134 forte
649 2067 1004 2134 additurus
1055 2077 1222 2138 erat.
1747 2116 1759 2127 .

414 2182 804 2254 Henricus
872 2183 1228 2255 Valesius
1299 2187 1384 2251 ad
1436 2186 1646 2273 Harp-
1708 2209 1777 2275 p.
1836 2209 1945 2272 ⁷¹·
2018 2185 2201 2254 unde
2266 2209 2387 2252 sua

223 2278 596 2365 habuerit,
656 2282 932 2366 nesci403
1009 2283 1335 2348 differunt
1393 2294 1463 2351 et
1510 2307 1553 2349 a
1598 2283 1788 2352 Leid.
1860 2294 1928 2350 et
1974 2307 2017 2350 a
2062 2285 2251 2352 Mon.
2321 2293 2389 2349 et

222 2377 637 2446 Schellersh.
735 2379 883 2447 Hoc
934 2401 1150 2446 unum
1204 2380 1417 2448 subiit
1464 2379 1743 2469 mirari,
1814 2403 1939 2449 cur
1988 2379 2099 2449 vir
2148 2379 2387 2449 doctus

219 2478 504 2544 unicum
555 2479 1032 2545 tantummodo
1081 2478 1397 2546 scholion
1452 2478 1781 2564 ediderit,
1863 2502 2021 2547 curn
2072 2479 2387 2565 pluribus

221 2574 504 2640 edendis
555 2576 846 2642 honesta
896 2576 1052 2641 data
1107 2586 1286 2643 esset
1335 2576 1646 2665 occasio,
1729 2598 1795 2643 v.
1861 2598 1967 2664 gr.
2020 2576 2105 2643 de
2154 2599 2386 2669 προη-

217 2668 452 2764 ροσίᾳ
509 2695 576 2761 p.
636 2693 834 2757 101.‚
883 2674 968 2741 de
1010 2668 1308 2764 Ἀθηνᾷ
1357 2668 1695 2767 προνοίᾳ
1746 2696 1819 2763 p.
1878 2672 2071 2759 161„
2126 2672 2208 2740 de
2255 2696 2385 2763 με·
2462 2696 2509 2765 .‘

219 2764 576 2839 ταστάσει
609 2786 618 2797 “
646 2792 713 2859 p.
776 2783 971 2857 ηιμ,
1051 2772 1136 2838 (le
1201 2772 1571 2838 Erechthei
1633 2771 1931 2837 filiarum
1995 2770 2385 2838 voluntaria

77 2856 82 2861 ’
213 2878 444 2935 morte
481 2891 550 2959 p.
589 2888 786 2982 120„
853 2868 936 2935 de
968 2870 1368 2935 incursione
1412 2870 1499 2935 ab
1530 2869 1871 2957 Eumolpo
1910 2891 2070 2935 cum
2113 2866 2386 2935 Thraci-

210 2966 352 3035 bus
406 2965 479 3031 in
530 2986 739 3054 agros
788 2965 1050 3034 Atticos
1099 2965 1278 3034 facta
1323 2989 1391 3055 p.
1433 2961 1617 3051 261„
1658 2966 1782 3031 ubi
1831 2968 1945 3033 vel
1980 2964 2383 3053 Euripidem

211 3072 466 3130 testem
532 3064 730 3147 facit3
811 3063 896 3129 de
964 3063 1236 3129 filiabus
1280 3065 1425 3131 Leo
1476 3073 1795 3131 nostrum
1848 3085 2005 3150 pag.
2058 3076 2193 3136 302
2246 3064 2385 3128 lau-

210 3160 354 3245 dat,
402 3161 722 3248 pluribus
773 3160 858 3228 de
895 3160 1002 3227 his
1047 3162 1297 3249 puellis
1341 3182 1718 3248 exponens,
1769 3160 2043 3226 Scholio
2076 3180 2217 3224 non
2249 3180 2385 3223 me·

211 3268 510 3325 morato.
583 3257 847 3352 Quodsi
874 3258 1090 3347 igitur
1121 3260 1208 3324 ab
1239 3279 1378 3324 uno
1412 3258 1538 3324 illo
1568 3258 1652 3325 de
1680 3258 2165 3345 Demophonte
2193 3258 2383 3322 scho-

208 3355 314 3421 lio
365 3355 804 3439 discesseris,
883 3356 983 3421 nil
1035 3367 1392 3444 praeterea
1431 3355 1779 3422 Valesiurn
1817 3354 1893 3419 in
1930 3352 2222 3450 promtu
2266 3354 2383 3417 ha·

204 3452 450 3519 buisse
503 3454 840 3541 suspicor.

411 3570 582 3643 Leo
609 3572 984 3657 Allatt’us,
1035 3574 1154 3663 qui
1201 3574 1275 3639 in
1317 3574 1556 3639 libello
1589 3570 1673 3637 de
1706 3570 1935 3637 Patria
1962 3567 2249 3638 Homeri
2284 3568 2384 3633 in-

206 3671 400 3738 edita
419 3674 755 3739 nonnulla
783 3671 1042 3760 publici
1071 3671 1241 3757 juris
1272 3694 1360 3738 ex
1392 3668 1671 3738 scholiis
1706 3667 1782 3733 in
1796 3667 2168 3734 Aristidem
2200 3664 2383 3748 fecit,

203 3769 544 3836 Palatinis
607 3768 789 3837 forte
837 3768 1204 3837 Codicibus
1245 3772 1415 3836 haec
1464 3766 1735 3851 debuit,
1813 3786 1989 3857 quos
2048 3765 2119 3831 in
2181 3784 2381 3831 suum

201 3888 418 3933 usum
445 3888 519 3934 se
544 3855 970 3956 pervolvisse
998 3867 1363 3956 profitetur
1391 3889 1461 3955 p.
1498 3876 1657 3959 249.
1731 3862 1989 3930 Habuit
2012 3872 2241 3929 autem
2269 3860 2384 3925 'vir

204 3964 459 4031 doctus
511 3966 879 4051 nonnulla,
931 3987 1108 4054 quae
1160 3986 1382 4053 neque
1432 3962 1505 4027 in
1534 3962 1722 4029 Leid.
1772 3980 1997 4050 neque
2026 3960 2213 4024 Mon.
2268 3978 2380 4021 ne·
2471 4049 2477 4060 ι

205 4084 352 4151 que
386 4063 625 4130 bomb.
678 4063 1158 4147 inveniuntur,
1220 4062 1340 4129 sed
1382 4059 1639 4126 nullius
1685 4058 1889 4148 pretii
1928 4078 2006 4125 ea
2039 4053 2383 4125 existima-

205 4160 313 4226 vit
353 4182 418 4249 p.
460 4182 620 4232 211.
719 4160 1010 4247 Nescio,
1061 4182 1146 4225 an
1203 4158 1496 4226 eundern
1551 4158 1875 4224 Codicern
1908 4154 2115 4223 Mser.
2162 4162 2232 4218 et
2256 4152 2385 4216 Lu-
