2802 4810
497 1249 1971 1358 PRAEFATIO.

139 1744 434 1862 Plures
485 1793 806 1860 abierunt
853 1792 1061 1875 anni,
1113 1814 1201 1858 ex
1251 1815 1390 1882 quo
1444 1795 1829 1861 Creuzerus
1866 1796 1945 1859 V.
1974 1797 2089 1878 D.,
2155 1818 2311 1863 cum

141 1892 540 1958 etiamnunc
591 1891 776 1955 inter
825 1889 1042 1980 spatia
1091 1889 1448 1956 seminarii
1504 1891 1911 1980 philologici
1968 1911 2313 1982 versarer,

135 1989 422 2077 publico
473 1989 647 2056 meis
685 1987 916 2054 verbis
957 2007 1219 2056 nomen
1243 1987 1433 2054 dedit
1484 1989 1655 2074 (vid.
1688 1992 1919 2056 Melet.
1956 1990 2005 2072 Ι,
2056 2011 2125 2077 p.
2166 1993 2313 2080 98),

139 2109 256 2152 me
289 2086 412 2151 ubi
463 2085 608 2172 ejus
649 2085 749 2150 rei
783 2087 981 2174 copia
1013 2084 1195 2150 facta
1239 2085 1517 2169 fuisset,
1586 2087 1670 2153 de
1704 2085 2004 2152 Aristide
2044 2087 2310 2156 edendo

141 2184 516 2272 aliquando
567 2182 1030 2272 cogitatur-um
1083 2203 1305 2248 essee·
1313 2184 1839 2286 08usceperam
1872 2183 2075 2252 enim
2134 2187 2309 2251 hanc

137 2280 594 2369 provinciam,
717 2291 867 2347 orte
909 2279 1079 2344 mihi
1129 2273 1266 2349 hie-i
1289 2279 1529 2351 bimis}
1556 2272 1839 2349 maltum
1862 2253 2309 2349 dilectissimo

137 2381 254 2445 l-r.
305 2379 391 2443 X.
441 2303 760 2445 Wertliio
825 2376 1230 2447 Monacensi
1285 2387 1604 2489 ετερῐας,
1628 2397 1877 2489 qus-1³13
1952 2377 2115 2443 dum
2163 2391 2311 2447 erat

139 2479 324 2545 inter
383 2477 622 2559 vivos,
701 2477 946 2542 intima
1007 2474 1181 2540 mihi
1247 2464 1593 2544 amicitia·
1576 2460 2047 2561 ··con3un·ctum
2104 2480 2309 2545 habe-

137 2565 325 2658 bam,
370 2574 677 2639 Silenum
731 2596 888 2639 eum
943 2596 1031 2639 ex
1079 2572 1491 2639 Alcibiadis.
1507 2581 1704 2667 mpr‘c
1748 2574 1987 2656 ‘dicei-e
2042 2575 2307 2659 solituS‚

136 2670 394 2761 quippe
431 2669 622 2755 cujus
655 2671 980 2738 candidos
1029 2690 1263 2735 mores
1269 2650 2319 2758 αηίωῖθυὶῃηίειπὲἰὶὴενώἰιιηι,

134 2768 390 2836 artium
444 2768 918 2855 cognitionem
969 2766 1202 2833 invida
1251 2777 1498 2835 natura
1530 2767 1705 2833 facie
1733 2790 1981 2855 parum
2015 2780 2305 2835 venusta

133 2865 349 2932 veluti
402 2866 860 2933 dehonestare
911 2864 1318 2949 studuisset3
1381 2886 1605 2949 nunc,
1670 2865 1793 2929 ubi
1844 2876 2141 2931 mortem
2190 2890 2309 2933 na-

135 2974 330 3029 turae
383 2962 688 3029 debitam
737 2962 984 3029 obiens
1055 2961 1140 3029 ad
1189 2962 1471 3029 coelites
1544 2962 2101 3049 transmigravit,
2166 2987 2307 3029 ma-

135 3071 254 3126 net
299 3060 470 3125 mihi
521 3062 721 3127 dolor
771 3059 1134 3127 distractae
1189 3058 1571 3147 amicitiae,
1638 3059 1751 3127 cui
1797 3081 1911 3124 me
1957 3061 2155 3147 plura
2196 3063 2305 3128 de-

133 3158 442 3223 biturum
509 3157 723 3225 fuisse
787 3180 944 3223 meo
1009 3155 1159 3242 jure
1217 3156 1507 3223 confido.
1608 3158 1872 3222 Noster·
1918 3156 2031 3223 hic
2079 3156 2301 3241 dolor,

137 3264 458 3323 nostrum
507 3258 778 3323 vulnus.
893 3258 1116 3343 Atque
1145 3254 1523 3339 werferus,
1577 3256 1981 3342 priusquam
2034 3276 2109 3319 se
2147 3256 2307 3320 Hei·

133 3352 536 3442 delbergam
589 3352 836 3421 litteris
901 3353 999 3417 ibi
1051 3354 1396 3419 Creuzero
1467 3353 1639 3419 duce
1698 3362 2063 3417 vacaturus
2135 3373 2300 3417 con-

135 3451 386 3535 ferret,
455 3474 543 3517 ex
592 3450 802 3517 Codd.
851 3452 1162 3517 Monacc.
1232 3449 1691 3537 descripserat
1751 3449 2051 3532 scholia,
2120 3470 2297 3537 quae

133 3549 366 3614 multis
419 3548 728 3636 partibus
787 3547 978 3613 auxit
1046 3572 1134 3614 ex
1201 3546 1366 3615 cod.
1430 3546 2131 3629 Schellershemiano,
2207 3548 2295 3613 ab

132 3646 605 3713 Illustrissimo
660 3645 801 3731 ejus
853 3667 1254 3734 possessore
1320 3668 1479 3711 cum
1542 3644 1695 3733 ipso
1764 3643 2295 3729 communicato,

129 3743 502 3824 Aristidem
555 3742 1028 3828 emendatum,
1078 3744 1262 3809 notis
1313 3743 1453 3809 suis
1487 3742 1789 3831 itemque
1826 3740 2106 3807 scholiis
2145 3740 2297 3805 illu-

131 3851 420 3909 stratum
453 3840 778 3907 editurus.
877 3843 1068 3935 Quae
1102 3839 1427 3931 quando
1406 3862 1480 3904 m
1510 3851 1867 3929 posterum
1897 3837 2184 3904 differre
2225 3850 2294 3905 et

131 3940 468 4027 temporis
517 3938 878 4028 iniquitate
933 3950 1208 4009 coactus
1253 3949 1322 4006 et
1351 3940 1555 4027 plura
1596 3936 1803 4004 etiam
1836 3933 2294 4024 conquirendi

134 4056 477 4122 generoso
543 4038 864 4105 incitatus
913 4037 1138 4105 studio
1200 4037 1285 4104 ad
1333 4035 1570 4105 omnia
1620 4036 1761 4101 alia
1802 4038 1876 4101 se
1926 4032 2145 4119 dedit,
2216 4032 2291 4097 in

135 4154 332 4201 usum
385 4135 757 4221 Creuzeri,
797 4159 1002 4225 quem
1049 4158 1188 4203 una
1239 4146 1565 4231 tanquam
1612 4141 1969 4222 parentem
2019 4150 2294 4203 summo.
