2802 4810
481 337 532 386 Χ

480 519 688 578 untur
762 511 1096 600 plurima,
1171 529 1348 602 quae
1410 512 1497 580 ad
1567 513 1860 580 verbum
1922 533 2143 603 usque
2202 533 2361 580 cum
2434 514 2639 584 editis

477 619 682 697 atque
725 608 1002 678 ineditis
1057 620 1487 697 congruunt,
1554 609 1640 680 cf.
1693 633 1751 686 e.
1802 631 1908 698 gr.
1947 613 2101 678 lntt.
2168 610 2257 679 ad
2298 612 2636 692 Herodpt.

475 707 569 791 V,
624 721 734 780 23.
831 709 937 772 Ex
987 706 1126 774 suis
1179 707 1929 797 grammaticorumque
1977 707 2252 796 placitis
2296 713 2635 776 nonnulla

473 804 810 872 addidisse
861 803 1194 894 suspicor.
1315 804 1717 874 Tenendum
1768 815 1997 872 autem
2042 808 2177 872 hoc
2226 808 2385 888 loco
2438 808 2633 891 illud,

353 904 360 915 '
476 902 664 991 quod
711 902 990 968 Photius
1009 953 1028 986 ‚
1092 923 1250 972 cum
1299 903 1486 970 inter
1533 903 2049 991 excerpendum
2102 903 2489 972 orationem
2538 905 2640 970 ni-

473 999 689 1066 mium
739 999 1024 1066 distrahi
1072 1000 1429 1086 sensisset,
1498 1000 1752 1088 passim
1802 1012 1872 1068 et
1921 1001 2301 1090 singularia
2345 1003 2639 1083 nomina

475 1107 544 1163 et
603 1097 910 1194 integras
977 1093 1226 1191 ῥήσεις
1288 1097 1615 1184 immisit,
1702 1099 1953 1187 quibus
2026 1109 2232 1166 tenor
2294 1101 2637 1169 orationis

475 1205 546 1261 et
588 1194 855 1262 lucidus
911 1197 1082 1264 ordo
1131 1195 1208 1261 in
1261 1197 1608 1283 excerptis
1660 1207 2090 1282 servaretur,
2158 1220 2223 1266 v.
2276 1219 2385 1288 gr.
2448 1209 2497 1265 t.
2550 1200 2637 1283 ΙΙ,

473 1314 536 1380 p.
599 1315 719 1382 19,
768 1293 834 1360 6.
861 1293 1152 1378 (Jehb.)
1207 1305 1367 1384 post
1417 1288 1821 1378 δήπουθεν
1867 1293 2269 1378 inseruntur
2324 1293 2473 1370 τῶν
2508 1298 2635 1366 ἰω-

469 1385 726 1482 μένων
776 1427 866 1442 —-·
903 1393 998 1483 11,
1049 1413 1114 1478 p.
1151 1411 1278 1477 22,
1331 1413 1439 1458 ιο.
1489 1401 1649 1479 post
1676 1389 2103 1485 κρατοῦντι
2137 1393 2267 1460 ins.
2304 1393 2403 1489 τῷ
2443 1389 2637 1484 υπὲρ

476 1515 614 1576 την
645 1483 938 1606 τέχνην
984 1526 1076 1540 --
1127 1491 1220 1574 ΙΙ,
1273 1510 1405 1576 27,
1458 1501 1501 1565 4
1552 1487 1600 1554 f.
1649 1486 2045 1576 ποικίλην,
2116 1491 2397 1558 Photius
2448 1493 2639 1558 addit

475 1582 716 1658 στοάν
765 1623 856 1638 --
905 1589 1000 1673 ΙΙ,
1066 1588 1146 1651 51
1176 1635 1195 1669 ,
1264 1610 1325 1678 7.
1377 1597 1539 1676 post
1584 1581 1989 1672 ἀπέδειξαν
2038 1587 2439 1654 inseruntur
2500 1585 2635 1660 δυ-

472 1682 700 1778 νάμει
747 1680 1043 1778 φύσεως
1087 1721 1179 1734 --
1244 1688 1337 1770 11,
1389 1685 1522 1768 62,
1576 1695 1620 1760 4
1667 1685 1715 1752 f.
1764 1696 1937 1806 post
1973 1691 2137 1766 τοῖς
2198 1681 2477 1778 νόμοις
2541 1689 2637 1754 le-

472 1795 731 1874 guntur
779 1783 854 1849 in
901 1785 1096 1852 Phot.
1143 1807 1240 1865 ως
1293 1779 1671 1854 δέδεικται
1719 1779 1857 1872 τὴν
1894 1777 2143 1869 αὐτὴν
2188 1823 2286 1836 --
2328 1803 2474 1874 seq.
2505 1787 2635 1850 ult.

351 1915 358 1924 ·
471 1892 632 1972 post
679 1876 816 1974 ἔχῃ
883 1881 1072 1950 addit
1105 1882 1390 1951 Photius
1439 1881 1515 1947 in
1560 1882 1905 1972 excerptis
1948 1875 2457 1975 ἐκβάλλωμεν
2504 1881 2637 1969 τῆς

472 1974 755 2064 πόλεως
799 1981 942 2052 καὶ
991 1977 1138 2050 τοῦ
1185 1977 1380 2066 βίου
1426 2017 1519 2033 -
1567 1983 1666 2067 ΙΙ,
1732 2002 1857 2068 7ο,
1922 1991 1967 2057 4
2016 1991 2176 2068 post
2224 1975 2387 2052 δεῖν
2432 1981 2633 2046 Phot.

471 2080 604 2145 ins.
653 2080 758 2162 εἰς
804 2073 1169 2150 Σικελίαν
1217 2116 1308 2130 -—
1358 2081 1441 2165 ΙΙ,
1492 2101 1603 2166 77.
1654 2081 1779 2146 ult.
1828 2088 1988 2167 post
2012 2071 2299 2172 εὑρέθη
2352 2077 2481 2144 ins.
2510 2073 2635 2148 εὖ·

471 2171 670 2296 ρέθη
721 2172 806 2248 δὲ
853 2173 942 2248 τὸ
992 2171 1234 2268 λέγειν
1283 2173 1474 2297 ὑπὲρ
1527 2176 1677 2248 τῶν
1707 2170 2029 2248 δικαίων
2078 2215 2171 2228 --
2218 2180 2298 2264 ΙΙ,
2350 2177 2467 2266 87.
2509 2176 2633 2242 fin.

473 2269 688 2358 τάξιν
735 2276 1073 2343 insertum
1122 2286 1282 2365 post
1327 2263 1536 2392 εὗρε,
1584 2287 1872 2365 propter
1919 2267 2165 2366 μέσην
2216 2313 2307 2324 —-
2360 2277 2457 2360 ΙΙ,
2513 2263 2635 2363 96,

473 2387 538 2451 ι..
572 2385 732 2464 post
767 2368 1058 2492 λόγους
1108 2374 1348 2443 insert.
1401 2367 1539 2457 οὓς
1584 2368 1839 2466 ιιὲλλω
1894 2367 2137 2463 λέγειν
2185 2412 2275 2424 —
2325 2375 2407 2461 ΙΙ,
2465 2393 2631 2456 101,

471 2472 536 2539 6.
587 2495 718 2590 pro
747 2467 916 2545 ἀλλ’
976 2472 1080 2557 εἴς
1128 2498 1206 2544 τε
1254 2473 1465 2541 inser.
1509 2475 1613 2555 εἰς
1646 2468 1735 2543 τὸ
1772 2471 1918 2541 νῦν
1945 2470 2249 2565 σχῆμα,
2314 2467 2631 2563 ἀξίωμα

455 2564 724 2691 χρόνω
775 2596 853 2643 τε
893 2574 1034 2642 καὶ
1079 2566 1290 2643 κατὰ
1334 2567 1629 2665 μικρὸν
1677 2564 2147 2687 ἀνήχθησαν
2210 2566 2313 2658 (in
2362 2592 2455 2636 m.
2504 2568 2627 2633 alii

464 2644 1052 2789 ἁνηνῆχθησαν)
1102 2673 1182 2756 ΙΙ,
1235 2692 1304 2757 p.
1351 2691 1509 2755 110,
1570 2671 1675 2735 15.
1724 2680 1886 2758 post
1926 2661 2265 2739 Πλάτων
2298 2669 2632 2756 leguntur

463 2768 538 2833 in
589 2768 934 2857 excerptis
971 2764 1068 2852 ὦς
1116 2764 1485 2851 πολλάκις
1532 2762 1930 2886 ἐδείξαμεν
1962 2759 2347 2861 πρότερον
2394 2799 2487 2815 --
2541 2761 2630 2847 ΙΙ,

463 2888 532 2955 p.
592 2886 720 2931 112
745 2916 765 2952 ,
823 2867 924 2936 15.
975 2877 1133 2955 post
1161 2860 1698 2985 παρατιθέντα
1739 2866 2141 2933 inseruntur
2184 2861 2443 2958 πολλῷ
2472 2886 2626 2954 γαρ

466 2960 716 3033 ταῦτα
764 2959 896 3036 ἀπ’
955 2960 1307 3052 ἀλλήλων
1357 2959 1704 3059 διῄρηται
1760 3000 1859 3015 —-
1919 2965 2017 3048 ΙΙ,
2086 2966 2257 3048 118,
2335 2936 2441 3027 15.
2494 2982 2629 3048 pro

465 3056 554 3144 ὅς
603 3086 688 3151 γε
735 3057 926 3133 ουδὲ
969 3062 1206 3154 γελῶν
1265 3090 1341 3133 κ.
1395 3090 1457 3133 τ.
1508 3062 1575 3132 λ.
1645 3065 1817 3130 haec
1878 3060 2113 3150 prodit
2160 3062 2359 3127 Phot.
2407 3060 2629 3150 Περι

459 3158 672 3251 κλῆς
698 3159 966 3232 τοίνυν
1015 3158 1110 3232 τά
1147 3186 1223 3233 τε
1267 3158 1472 3231 ἄλλα
1520 3147 1617 3248 ἧν
1660 3156 1971 3253 ἄριστος
2016 3159 2159 3229 καὶ
2205 3154 2387 3249 ὅσγε
2436 3150 2661 3226 ουδὲ·

459 3246 698 3349 γελῶν
745 3255 1047 3331 πώποτε
1105 3255 1256 3331 υπό
1313 3284 1518 3342 τινος
1582 3254 1644 3329 ὤ
1646 3255 1845 3349 φ.θή
1948 3256 2027 3325 In
2082 3276 2304 3345 marg.
2356 3266 2625 3323 autem:

463 3357 842 3481 Περικλῆς
913 3355 1178 3430 τοίνυν
1225 3353 1559 3448 λέγεται,
1626 3352 1714 3439 ὅς
1760 3380 1845 3445 γε
1900 3349 2087 3425 οὐδὲ
2132 3353 2377 3445 γελῶν
2438 3346 2612 3421 ουδ’

337 3452 352 3459 ’
465 3451 610 3550 υφ’
651 3452 849 3570 ,ἑνὸς
897 3482 1198 3529 πωποτε
1249 3452 1611 3553 ὀφθῆναι
1656 3449 1861 3525 ἀλλὰ
1906 3454 2047 3524 καὶ
2104 3451 2191 3545 τῇ
2239 3451 2392 3545 μὲν
2439 3477 2513 3520 κ.
2562 3478 2621 3519 τ

455 3555 523 3626 λ.
573 3555 751 3621 mira
799 3558 1318 3645 perturbatione
1365 3594 1464 3606 —-
1513 3557 1608 3640 ΙΙ,
1665 3553 1833 3643 159,
1900 3564 1944 3628 4
1990 3551 2038 3617 f.
2085 3562 2246 3639 post
2292 3543 2627 3643 ἁρμόσει

457 3656 653 3772 PhP‘·
703 3649 950 3743 ἤγουν
996 3652 1082 3724 ἐν
1131 3654 1216 3748 τῇ
1267 3652 1491 3745 κοινῇ
1549 3646 1951 3772 ἀπολογίᾳ,
1996 3688 2093 3703 ·-
2161 3651 2259 3735 II,
2329 3650 2502 3733 181,
2555 3647 2621 3711 8·

459 3747 712 3821 πάντα
759 3747 909 3845 γὰρ
943 3754 1048 3836 εἰς
1090 3755 1286 3820 Phot.
1337 3746 1593 3823 πάντα
1642 3746 1728 3821 δὲ
1778 3746 1875 3820 τὰ
1910 3744 2227 3819 ἐπιόντα
2239 3698 2621 3863 Θεμιιὲτο·

455 3848 644 3935 κλῆς
689 3852 792 3933 εἰς
844 3888 941 3903 -
1007 3854 1103 3937 ΙΙ,
1158 3852 1329 3937 230,
1389 3874 1453 3937 7.
1504 3850 1587 3920 ἐν
1637 3837 1683 3943 ᾖ
1746 3868 1871 3919 σοι
1922 3844 2019 3917 τὰ
2070 3874 2231 3917 ωτα
2280 3839 2623 3936 ὑπέσχον

459 3948 646 4015 addit
689 3950 886 4017 Phot.
1031 3944 1432 4032 Διονύσιος
1500 3950 1643 4021 καὶ
1712 3944 1931 4019 Δίων.
1984 3984 2075 3997 —-
2128 3946 2219 4029 ΙΙ,
2300 3944 2479 4028 235,
2552 3940 2617 4007 6.

457 4041 712 4116 αὐτον
747 4038 934 4116 addit
981 4048 1176 4117 Phot.
1247 4045 1388 4117 τὸν
1450 4043 1861 4140 ναυαρχον
1928 4042 2082 4115 τῶν
2129 4042 2645 4125 Πελοποννη-,

458 4140 644 4215 σίων
692 4140 1016 4217 Πόλλιν.
